2144 3354
1017 202 1303 245 ..14-

301 341 423 376 recte
464 335 683 376 iudicasse
717 335 854 376 efficit
887 335 1169 376 Plutarchus:
1233 335 1314 377 τοῦ
1354 333 1658 390 Σοφοκλέους
1700 332 1768 377 ἐπὶ
1808 334 1909 386 τῶν,
1944 332 2013 381 ὅτι

302 411 358 467 μὴ
388 411 619 466 πρότερον
651 412 717 465 ἦν,
752 412 1103 467 ἀπιστουμένων,
1147 414 1185 454 εἰ
1204 413 1370 466 γέγονε
1390 414 1485 463 νῦν,
1507 398 1562 454 οὗ
1584 411 1771 467 φαύλως
1790 411 2008 464 εἰπόντος·

302 484 548 540 ,,“Ἀπαντα
587 491 839 543 τὰγέννητα
878 491 1061 542 πρῶτον
1101 484 1200 542 ἦλθ’
1241 490 1387 539 ἅπαξ(ι
1434 490 1522 531 κτὲ.
1587 491 1751 530 Veneri
1798 491 2010 543 optimum

302 582 548 622 cognomen
596 569 804 609 indidisse
852 573 1025 621 poetam
1074 569 1334 608 Plutarchus
1382 568 1425 607 in
1469 568 1592 617 libro,
1641 568 1714 620 qui
1760 568 2011 608 inscribitur

301 647 606 696 „Amatorius“
653 647 836 686 laudans
879 652 1191 686 commemorat
1240 659 1334 697 cap.
1390 656 1456 694 13:
1505 642 1736 696 Ζείδωρον
1781 642 1922 696 αὐτὴν
1957 668 2006 674 —-

302 737 363 767 sc,
396 718 681 776 Ἀφροδίτην
716 749 765 753 —
799 717 1119 777 Ἐμπεδοκλῆς,
1154 721 1401 774 Εὔκαρπον
1432 720 1486 762 δὲ
1517 721 1768 775 Σοφοπλῆς
1797 722 2014 776 ἐπιμελῶς

300 800 416 841 πάνυ
448 800 523 842 καὶ
554 801 819 854 πρεπόντως
851 800 1091 855 ὠνόμασεν
1114 814 1278 852 eosque
1297 801 1535 849 detestans,
1555 801 1628 852 qui
1647 813 1805 852 corpus
1823 800 2011 840 libenter

300 880 580 931 prostituunt,
600 885 779 919 auctore
813 893 916 918 usus
949 885 1016 918 est
1035 879 1255 930 Sophocle
1275 878 1317 917 in
1338 877 1533 917 eiusdem
1565 877 1664 916 libri
1697 890 1793 929 cap.
1815 887 1891 926 23:
1925 874 2008 917 Διὸ

299 954 410 1007 τοὺς
442 954 522 1010 μὲν
553 955 810 1011 ἡδομένους
841 956 902 1010 τῷ
934 955 1121 1007 πάσχειν
1153 955 1218 1005 εἰς
1256 953 1307 995 τὸ
1348 953 1575 1006 χείριστον
1614 953 1834 1007 τιθέμενοι
1872 953 2011 1006 γένος

300 1032 476 1084 κακίας,
512 1032 617 1075 οὔτε
646 1033 839 1084 πίστεως
887 1035 1062 1087 μοῖραν,
1107 1030 1213 1072 οὔτε
1254 1030 1428 1082 αἰδοῦς,
1473 1029 1578 1072 οὔτε
1618 1029 1768 1084 φιλίας
1806 1029 2010 1085 νέμομεν,

300 1112 398 1153 ἀλλ’
441 1111 505 1163 ῶς
544 1112 731 1164 ἀληθῶς
771 1110 887 1152 κατὰ
927 1109 1006 1151 τὸν
1047 1109 1318 1163 Σοφοκλέα·
1371 1107 1554 1159 ,,Φι’λων
1593 1107 1809 1149 τοιούτων
1850 1107 1892 1148 οἱ
1932 1106 2012 1163 μὲν

300 1189 593 1244 ἐστερημένοι
624 1189 872 1242 χαίρουσιν,
907 1188 950 1229 οἱ
982 1184 1023 1229 δ’
1054 1187 1236 1240 ἔχοντες
1268 1185 1475 1239 εὔχονται
1507 1188 1708 1240 φυγεῑνιι.

442 1293 709 1344 Sophoclem
742 1305 848 1331 vero
881 1291 1016 1343 pluris
1049 1295 1242 1342 putasse,
1277 1303 1406 1341 quam
1434 1289 1704 1340 Aeschylum
1729 1289 2012 1328 Plutarchum

302 1383 355 1409 ex
388 1370 558 1409 duobus
590 1371 698 1410 locis
732 1382 1005 1422 cognoscere
1038 1368 1156 1407 licet.
1219 1367 1458 1407 Memoriae
1493 1366 1609 1405 enirn
1641 1366 1714 1405 ille
1745 1365 1938 1419 prodidit
1969 1365 2012 1405 in

301 1448 392 1487 vita
425 1447 618 1487 Cimouis
652 1461 747 1499 cap.
782 1449 829 1490 8:
872 1443 1073 1485 ’Έθεντο
1109 1469 1157 1474 —-
1194 1459 1254 1487 sc,
1298 1443 1340 1484 οἱ
1373 1443 1612 1496 Ἀθηναῖοι
1646 1468 1695 1473 -
1745 1443 1811 1493 εἰς
1842 1440 2012 1497 μνήμην

300 1524 440 1565 αὑτοῦ
476 1550 524 1554 -
562 1539 622 1565 sc.
657 1523 853 1577 Θησέως
888 1548 937 1552 -
972 1521 1047 1563 καὶ
1078 1520 1158 1574 τὴν
1178 1522 1266 1562 τῶν
1286 1520 1541 1576 τραγῳδῶν
1572 1519 1721 1572 κρίσιν
1752 1517 2012 1575 ὀνομαστὴν

298 1601 561 1656 γενομένην.
625 1600 822 1654 Πρώτην
870 1600 963 1653 γὰρ
1014 1598 1315 1641 διδασκαλίαν
1345 1600 1425 1640 τοῦ
1458 1597 1762 1652 Σοφοκλέους
1792 1596 1855 1638 ἔτι
1898 1596 2008 1638 νέου

297 1679 521 1730 καθέντος
551 1671 790 1734 Ἀψεφίων
822 1679 848 1719 ὁ
881 1679 1039 1730 ἄρχων
1073 1710 1080 1718 .
1118 1711 1126 1718 .
1162 1711 1170 1718 .
1207 1711 1214 1718 .
1249 1677 1407 1729 κριτὰς
1440 1675 1519 1731 μὲν
1551 1676 1637 1717 οὐκ
1662 1674 1899 1728 ἐκλήρωσε
1927 1675 2010 1716 τοῦ

298 1758 493 1810 ἀγῶνος,
513 1757 578 1808 ῶς
595 1756 649 1798 δὲ
668 1756 822 1812 Κίμων
856 1790 863 1797 .
899 1789 907 1797 .
944 1789 951 1796 .
986 1754 1231 1807 προελθὼνμ
1245 1756 1311 1805 εἰς
1327 1753 1378 1795 τὸ
1396 1754 1597 1806 θέατρον
1631 1787 1638 1795 .
1675 1786 1683 1795 .
1720 1787 1727 1794 .
1792 1750 2012 1805 ὁρκώσας

298 1835 534 1888 ἠνάγκασε
552 1834 737 1876 καθίσαι
750 1833 824 1875 καὶ
854 1836 1004 1886 κρῖναι
1022 1832 1137 1874 δέκα
1163 1831 1325 1884 ὄντας.
1363 1864 1371 1872 .
1407 1866 1414 1872 .
1452 1865 1459 1872 .
1487 1826 1543 1873 ‘O
1571 1830 1650 1886 μὲν
1676 1830 1760 1872 οὖν
1781 1830 1909 1884 ἀγὼν
1935 1829 2011 1872 καὶ

298 1911 374 1953 διὰ
404 1912 455 1954 τὸ
486 1913 575 1953 τῶν
605 1913 774 1965 κριτῶν
805 1911 978 1966 ἀξίωμα
1009 1909 1089 1963 τὴν
1122 1909 1369 1964 φιλοτιμίαν
1394 1909 1691 1967 ὑπερέβαλεν.
1725 1906 2011 1960 Νικήσαντος

300 1989 353 2031 δὲ
367 1990 671 2044 Σοφοκλέους
686 1989 864 2042 λέγεται
880 1987 959 2029 τὸν
977 1987 1207 2040 Αἰσχύλον
1224 1988 1447 2039 περιπαθῆ
1466 1985 1714 2041 γενόμενον
1732 1984 1807 2026 καὶ
1826 1984 2010 2042 βαρέως

297 2066 544 2120 ἐνεγκόντα
575 2066 746 2120 χρόνον
777 2067 833 2108 ού
861 2065 1005 2108 πολὺν
1026 2064 1248 2118 Ἀθήνησι
1276 2063 1511 2117 διαγαγεῖν
1546 2097 1554 2104 .
1591 2097 1598 2104 .
1634 2095 1642 2104 .
1678 2096 1686 2104 .
1721 2064 1832 2103 Cum
1858 2068 2006 2103 autem

299 2147 558 2186 Plutarchus
585 2159 745 2198 magna
763 2146 1024 2185 auctoritate
1049 2145 1184 2184 fuisse
1209 2144 1305 2183 illos
1323 2143 1492 2183 iudices
1515 2142 1766 2182 certaminis
1788 2140 2008 2180 existimet

300 2222 388 2276 [ῑτὸ
421 2223 510 2263 τῶν
540 2223 707 2275 κριτῶν
738 2221 962 2276 ἀξίωμα;],
999 2222 1130 2261 etiam
1164 2222 1328 2273 optimo
1361 2221 1455 2260 iure
1488 2220 1731 2272 praemium
1759 2217 2010 2259 certaminis

299 2302 395 2341 illos
430 2302 641 2354 Sophocli
675 2301 928 2341 decrevisse
963 2313 1016 2339 ex
1050 2313 1101 2339 eo
1134 2300 1232 2339 loco
1265 2298 1474 2350 sequitur.

439 2403 639 2442 Alterum
672 2407 977 2454 argumentum
1009 2401 1141 2453 idque
1174 2400 1466 2440 firmissimum
1488 2400 1675 2451 praebet
1705 2398 1830 2438 nobis
1863 2411 1958 2450 cap.
1983 2407 2006 2448 7

296 2480 393 2519 libri
426 2479 510 2529 „de
542 2479 815 2531 profectibus
848 2479 891 2517 in
923 2479 1128 2527 virtute“‚
1153 2479 1196 2517 in
1230 2491 1314 2529 quo
1339 2478 1599 2516 Plutarchus
1633 2477 2008 2528 philosophantes,

298 2558 371 2610 qui
403 2558 517 2597 fastu
551 2557 760 2597 orationis
782 2556 1012 2608 repudiato
1036 2568 1143 2595 vere
1164 2555 1384 2607 proficere
1411 2554 1638 2606 incipiunt,
1664 2567 1764 2593 cum
1786 2553 2008 2605 Sophocle

299 2635 509 2686 Aeschyli
553 2635 660 2674 vitia
705 2633 967 2674 emendante
1011 2638 1264 2685 comparat:
1333 2624 1518 2683 εὨσπερ
1560 2630 1652 2683 γὰρ
1695 2630 1721 2671 ὁ
1762 2629 2011 2683 Σοφοκλῆς

301 2711 431 2765 ἔλεγε
462 2710 542 2752 τὸν
564 2710 796 2763 Αἰσχύλου
830 2709 1132 2762 διαπεπαιχὼς
1157 2708 1311 2762 ὄγκον,
1335 2708 1429 2749 εἶτα
1451 2707 1502 2748 τὸ
1523 2707 1687 2760 πικρὸν
1707 2706 1782 2749 καὶ
1801 2706 2007 2759 κατάτεχ-

297 2803 379 2830 νον
419 2790 498 2842 τῆς
542 2789 683 2829 αὐτοῦ
714 2788 1025 2839 παρασκευῆς,
1059 2786 1216 2839 τρίτον
1248 2785 1301 2827 δὲ
1331 2785 1383 2826 τὸ
1414 2787 1494 2838 τῆς
1525 2785 1693 2836 λέξεως
1715 2783 2007 2841 μεταβάλλειν

299 2865 436 2917 εἶδος,
472 2866 585 2918 ὅπερ
609 2864 892 2918 ἠθικώτατόν
917 2865 1010 2905 ἐστι
1030 2863 1105 2905 καὶ
1132 2863 1373 2921 βέλτιστον,
1399 2863 1546 2913 οὕτως
1569 2862 1610 2903 οἱ
1637 2862 2010 2916 φιλοσοφοῦντες,

301 2944 412 2984 ὅταν
444 2944 497 2984 έκ
517 2944 607 2984 τῶν
638 2942 959 2995 πανηγυρικῶν
990 2940 1064 2982 καὶ
1088 2940 1373 2993 κατατέχνων
1394 2941 1458 2991 εἰς
1483 2938 1563 2981 τὸν
1584 2938 1835 2993 ἁπτόμενον
1865 2937 2011 2992 ἤθους

298 3020 373 3062 καὶ
401 3021 580 3072 πάθους
619 3019 761 3073 λόγον
797 3019 1068 3076 καταβῶσιν,
1113 3019 1331 3071 ἄρχονται
1370 3016 1450 3070 τὴν
1490 3018 1636 3070 ἀληθῆ
1667 3013 1904 3069 προκοπὴν
1934 3013 2010 3057 καὶ
