2144 3354
852 225 1145 265 -25-

151 354 270 397 ὥστε
298 355 457 408 περιῆν
485 353 766 407 κακοηθείας
795 352 912 403 δόξα
943 353 1019 395 καὶ
1048 352 1295 412 βδελθρίας
1309 356 1405 405 τοῖς
1416 354 1614 407 λέγουσι,
1633 353 1853 410 χρήσιμον

151 430 206 475 δὲ
249 434 345 483 τοῖς
389 429 641 473 ἁκούουσιν
687 429 826 473 οὐδὲν
872 430 963 474 ἀπὸ
1015 431 1107 473 τῶν
1160 430 1430 485 λεγομένων.
1509 433 1667 486 Neque
1713 433 1855 473 minus

151 511 321 559 falsum,
368 509 475 549 nihil
522 510 720 549 utilitatis
761 509 816 549 ad
857 509 1079 549 auditores
1120 508 1376 562 pervenisse
1419 522 1473 549 ex
1515 523 1665 550 eorum
1713 510 1855 559 dictis,

151 586 225 640 qui
257 587 340 639 ipsi
379 587 556 639 plebem
599 587 930 636 admonuerunt,
972 599 1028 626 ne
1060 587 1144 626 illis
1178 587 1363 626 ducibus
1396 587 1684 629 confiderent.
1749 588 1856 626 Pec-

151 677 278 704 casse
311 670 443 716 atque
476 676 644 703 errasse
677 664 853 716 quidem
885 664 1068 703 multum
1100 664 1306 713 comicos,
1349 677 1448 703 cum
1488 664 1698 704 iocularia
1731 664 1858 703 nimis

151 741 402 781 iactitarent
419 741 623 792 virosque
646 741 811 792 optime
828 741 1007 780 meritos
1029 741 1276 790 illuderent,
1294 754 1422 780 nemo
1442 747 1520 790 est,
1540 742 1613 793 qui
1631 741 1855 783 infitietur.

294 818 614 857 Gravissimum
640 831 744 857 vero
773 824 1079 870 argumentum
1113 831 1137 857 a
1165 818 1393 857 comoedia
1416 818 1712 858 Athenienses
1739 832 1858 870 pror-

150 907 223 934 sus
255 895 511 934 abhoruisse
567 908 621 934 ex
663 908 716 934 eo
757 895 1017 946 depromere
1052 896 1311 935 Plutarchus
1353 896 1435 934 sibi
1476 896 1595 935 visus
1629 902 1708 944 est,
1742 896 1859 948 quod

150 972 211 1011 illi
251 972 353 1024 lege
385 972 718 1021 interdixerunt,
762 985 817 1011 ne
858 973 955 1024 quis
997 973 1270 1024 Areopagita
1303 973 1575 1012 comoediam
1618 974 1858 1022 scriberet3

151 1050 195 1088 in
235 1049 347 1088 libro
388 1050 503 1089 enim
545 1049 627 1098 „de
669 1050 809 1101 gloria
851 1050 1216 1089 Atheniensium“
1259 1063 1355 1101 cap.
1392 1059 1413 1099 5
1453 1051 1515 1089 sic
1558 1051 1730 1089 locutus
1772 1056 1858 1090 est:

150 1125 258 1166 Τῶν
296 1124 350 1166 δὲ
390 1124 740 1180 ὃραματοποιῶγ
779 1123 859 1178 τὴγ
916 1124 996 1180 μὲν
1051 1124 1412 1181 κωμῳδιοποιίαγ
1473 1126 1620 1177 οὕτως
1660 1127 1861 1181 ἄσεμνον

151 1202 349 1256 ἡγοῦντο
388 1202 464 1244 καὶ
506 1202 738 1257 φορτικόν,
782 1202 900 1244 ὥστε
940 1202 1083 1258 νόμος
1123 1202 1180 1256 ἦκ’
1220 1202 1393 1258 μηὸἐγα
1438 1206 1579 1244 ποιεῖν
1618 1202 1861 1259 κωμῳδίας

151 1279 472 1332 ἀρεοπαγίτην.

294 1358 404 1410 Quis
444 1359 578 1398 risum
617 1364 780 1408 teneat,
823 1371 922 1398 cum
963 1360 1066 1399 talia
1109 1359 1323 1398 audierit?
1385 1360 1599 1399 Nimirum
1640 1372 1726 1399 non
1760 1371 1858 1399 esse

151 1435 376 1488 dignitatis
403 1436 757 1488 areopagitarum
785 1436 1023 1476 comoediis
1049 1436 1293 1476 scribendis
1320 1436 1465 1476 iocum
1492 1450 1670 1476 movere
1697 1438 1861 1489 populo

153 1513 449 1554 Athenienses
482 1514 736 1553 censebant.
799 1514 868 1552 An
901 1514 1131 1565 quisquam
1163 1526 1327 1563 eorum,
1359 1514 1434 1565 qui
1466 1527 1633 1553 summo
1667 1514 1859 1553 civitatis

154 1590 492 1631 Atheniensium
523 1591 783 1644 magistratu
815 1591 953 1630 functi
986 1592 1160 1644 iamque
1202 1597 1348 1631 aetate
1390 1592 1591 1643 provecti
1637 1597 1774 1641 erant,
1818 1592 1861 1631 in

155 1668 346 1708 animum
371 1668 582 1708 in'ducere
609 1669 752 1720 potuit
778 1668 1029 1708 comoedias
1071 1664 1366 1721 componere?
1398 1670 1555 1709 Nonne
1580 1669 1861 1709 Plutarchum

154 1746 310 1798 ipsum,
345 1759 444 1786 cum
475 1747 580 1786 talia
601 1747 808 1799 proferat,
834 1746 1044 1798 ,,ληρεῑν“
1067 1746 1208 1786 videri
1239 1746 1333 1785 iure
1357 1746 1557 1785 arbitrari
1579 1747 1705 1785 nobis
1727 1746 1860 1786 licet?
1918 1755 1921 1758 ·

297 1824 424 1876 Quae
465 1837 565 1863 cum
605 1824 666 1864 ita
706 1824 803 1874 sint,
846 1824 951 1864 satis
985 1824 1308 1864 demonstrasse
1357 1823 1557 1864 videmur
1600 1824 1703 1863 vilia
1735 1837 1861 1877 argu-

154 1906 302 1942 menta
335 1902 617 1941 Plutarchum
651 1902 915 1942 exhibuisse.

299 2476 530 2530 Reliquum
563 2483 710 2518 autem
743 2484 822 2528 est,
847 2484 906 2528 ut,
939 2478 1090 2531 quanti
1121 2489 1270 2522 novae
1301 2475 1573 2521 comoediae
1598 2484 1754 2531 poetas
1786 2477 1860 2519 ille

155 2554 388 2607 putaverit,
420 2555 749 2607 perspiciamus.
805 2556 1022 2609 ‚Ceterum
1061 2556 1175 2596 illius
1208 2555 1385 2609 generis
1418 2555 1684 2595 comicorum
1716 2556 1858 2596 Phile-

155 2643 329 2671 monem
361 2637 530 2671 tantum
563 2638 694 2685 atque
727 2633 1013 2673 Menandrum
1054 2637 1205 2684 poetas
1237 2646 1337 2672 eum
1370 2633 1566 2673 attulisse
1598 2634 1856 2686 reperimus.
