2144 3354
1025 216 1318 257 -26-

463 344 792 390 Philemonem
818 346 996 399 quidem
1022 347 1238 387 comicum
1262 361 1348 388 uno
1378 349 1476 388 loco
1503 349 1686 396 laudans
1717 355 2046 392 commemoravi
2062 353 2101 405 g

323 424 584 462 Plutarchus
604 424 647 462 in
664 424 774 463 libro
791 424 875 472 „de
894 424 1037 475 poetis
1056 425 1312 464 audiendis“
1347 438 1443 476 cap.
1467 436 1531 474 13,
1559 436 1645 478 quo
1660 427 1941 477 praescribit:
1960 457 1969 466 .
1989 458 1997 467 .
2019 458 2028 468 .
2070 425 2113 459 '‘2''-

323 499 481 553 φέρειν
533 497 586 540 δὲ
636 500 797 552 πρᾴως
838 499 915 541 καὶ
967 498 1214 555 σκώμματα
1260 499 1335 541 καὶ
1386 499 1624 553 λοιδορίας
1673 501 1749 543 καὶ
1802 502 2028 555 γέλωτας·

323 576 513 629 μάλιστα
545 574 625 630 μὲν
655 575 707 617 τὸ
739 578 820 617 τοῦ
843 575 1102 631 Φιλήμονος
1125 576 1314 629 ἔχοντας
1335 577 1604 630 πρόχειρον·
1645 572 1844 629 ,,“Ἰ-Ιδιον
1875 578 2028 632 οὐδέν,
2075 560 2144 630 {J}

324 652 435 694 οὐδὲ
467 651 806 708 μουσικώτερον
838 652 929 694 ἔστ’
962 653 989 706 ἢ
1022 653 1249 695 δύνασθαι
1279 653 1640 709 λοιδορούμενον
1672 655 1872 709 φέρειν.“

1034 998 1163 1007 »-οοι-
1169 997 1182 1008 0
1187 998 1231 1007 —
1238 998 1316 1008 οιν-

467 1322 525 1361 At
557 1322 734 1373 saepius
766 1319 1014 1364 Menandri
1046 1321 1288 1361 sententias
1320 1321 1393 1360 ille
1425 1322 1666 1373 proposuit.

468 1396 731 1440 Confutatur
764 1399 940 1451 quidem
974 1399 1214 1438 Menander
1256 1399 1298 1437 in
1338 1399 1645 1438 dissertatione
1678 1399 1761 1448 „de
1793 1400 2032 1452 tranquilli-

322 1482 414 1516 tate
462 1477 622 1516 animi“
672 1490 767 1529 cap.
823 1485 890 1526 15:
942 1509 949 1517 .
1002 1509 1009 1516 .
1061 1509 1068 1516 .
1117 1509 1124 1516 .
1175 1475 1230 1516 οὒ
1263 1475 1369 1528 γάρ,
1404 1475 1468 1526 ὡς
1500 1475 1526 1515 ὁ
1558 1474 1836 1528 Μένανδρός
1867 1485 2031 1530 φησιν·

323 1547 552 1604 ,ῘἈπαντι
584 1551 756 1608 δαίμων
786 1552 922 1606 ἀνδρὶ
945 1555 1315 1608 συμπαραστατεῖ
1336 1551 1475 1604 εὐθὺς
1494 1552 1769 1607 γενομένῳιί,
1804 1566 1903 1594 eum
1935 1555 2031 1595 Em·
2092 1603 2094 1605 .

324 1633 522 1685 pedoclis
570 1632 734 1671 dictum
775 1633 999 1684 probetur,
1033 1632 1107 1684 qui
1139 1632 1220 1672 ait:
1285 1629 1454 1681 ,,διτται’
1498 1644 1616 1681 τινες
1664 1629 1862 1688 ἕκαστον
1907 1629 2032 1686 ἡμῶν

323 1708 574 1764 γενόμενον
592 1708 1005 1766 παραλαμβάνουσι
1032 1742 1040 1750 .
1077 1742 1084 1750 .
1121 1742 1128 1749 .
1165 1710 1367 1763 μοῖραι“;
1391 1709 1435 1748 in
1457 1708 1702 1761 eademque
1725 1709 2033 1759 dissertatione
2099 1765 2104 1768 .

326 1801 423 1840 cap.
469 1799 542 1841 19:
577 1820 584 1827 .
622 1820 629 1826 .
667 1819 674 1827 .
716 1785 874 1827 πολλοὶ
914 1785 990 1828 καὶ
1031 1785 1083 1826 τὸ
1125 1787 1206 1827 τοῦ
1249 1784 1529 1838 Μενάνδρου
1568 1784 1854 1840 πεφρίκασιν·
1918 1786 2034 1837 „obn
2095 1780 2131 1834 Ὦ,

325 1862 445 1904 ἔστιν
463 1864 598 1904 εἰπεῖν
610 1863 759 1911 ζῶντα
775 1863 908 1904 Τοῦτ’
927 1864 983 1905 οὐ
999 1863 1249 1918 πείσομαιιι.
1270 1864 1405 1904 Addit
1424 1865 1704 1904 Plutarchus:
1723 1864 1871 1904 ἐκεῖνο
1885 1862 2034 1917 μέντοι
2098 1903 2099 1906 ,
2136 1896 2139 1897 ⁷

323 1941 399 1983 καὶ
415 1940 536 1994 πρὸς
552 1940 631 1982 τὸν
649 1940 927 1993 Μένανδρον
945 1940 1105 1996 ἔχομεν
1119 1942 1277 1982 εἰπεῖν·
1312 1941 1427 1991 „osne
1445 1939 1566 1982 ἔστιν
1582 1942 1718 1982 εἰπεῖν
1733 1940 1882 1990 ζῶντα
1895 1939 2031 1982 Τοῦτ’

325 2019 381 2060 οὐ
411 2018 661 2073 πείσομαιιι,
705 2019 802 2060 ἄλλ’
846 2017 968 2060 ἐ’στιν
1009 2019 1158 2060 εἰπεῖν·
1194 2020 1354 2070 „rouro
1395 2019 1451 2059 οὒ
1482 2016 1667 2072 ποιήσω,
1702 2017 1758 2060 οὒ
1789 2016 2030 2073 ψεύσομαι,

326 2097 381 2138 οὺ
415 2095 742 2149 ρᾴδιουργήσω
773 2096 893 2138 κτὲ.“
957 2100 1209 2150 Rursusque
1241 2098 1455 2138 refellitur
1495 2101 1628 2149 poeta
1667 2097 1711 2136 in
1753 2096 2032 2157 „Amatorio“

327 2189 423 2228 cap.
463 2177 536 2218 18:
571 2207 578 2215 .
616 2207 624 2215 .
661 2209 669 2218 .
703 2175 759 2215 οὐ
780 2174 873 2227 γὰρ
897 2174 1186 2229 μανθάνομεν
1207 2174 1262 2227 γε
1281 2187 1369 2216 που
1395 2175 1476 2215 τοῢ
1499 2171 1777 2226 Μενάνδρου
1799 2171 2032 2225 λέγοντος,
2082 2196 2092 2217 4

327 2250 439 2293 οὐδὲ
460 2251 680 2306 συνίεμεν·
705 2251 911 2304 ,,Καιρός
933 2252 1054 2293 ἐστιν
1075 2252 1103 2305 ἡ
1125 2251 1270 2303 νόσος
1291 2253 1453 2308 ψυχῆς·
1478 2252 1504 2292 ὁ
1525 2250 1709 2305 πληγεὶς
1726 2249 1766 2292 δ’
1793 2249 1818 2306 [z
1833 2248 1899 2301 εἷς
1920 2247 2032 2306 ὁδὶιε]

325 2328 655 2383 τιτρώσκεταιιι.
720 2330 837 2371 ἀλλὰ
869 2330 895 2370 ὁ
926 2328 1038 2381 θεὸς
1070 2329 1223 2381 αἴτιος,
1265 2331 1346 2371 τοῦ
1379 2328 1459 2385 μὲν
1490 2328 1836 2384 καθαψάμενος,
1870 2325 1951 2368 τὸν
1978 2324 2034 2368 δὲ
2061 2386 2063 2389 v
2099 2346 2103 2350 ·

326 2408 486 2459 ἐάσας.
536 2409 778 2461 Corrigitur
810 2409 970 2448 deinde
1003 2409 1116 2448 illius
1149 2409 1388 2452 sententia:
1430 2405 1646 2460 ,,Τρόπος
1677 2405 1776 2448 ἔσθ’
1809 2406 1836 2447 ὁ
1866 2404 2034 2447 πείθων

326 2487 406 2527 τοῦ
451 2485 681 2538 λέγοντος,
731 2485 786 2526 οὐ
831 2484 1002 2538 λόγος(ι
1053 2487 1096 2525 in
1145 2487 1426 2538 „praeceptis
1467 2485 1691 2539 gerendae
1732 2475 2033 2538 reipublicae“

328 2578 424 2616 cap.
462 2572 506 2613 5:
561 2562 912 2615 ἐπανορθωτέον
942 2562 994 2603 τὸ
1025 2564 1105 2603 τοῦ
1137 2562 1416 2616 Μενάνδρου
1450 2564 1474 2616 [z
1488 2577 1642 2604 versus
1676 2561 1910 2616 sequiturz]
1956 2557 2034 2601 καὶ

325 2641 418 2694 γὰρ
452 2641 478 2681 ὁ
509 2639 682 2692 τρόπος
713 2640 788 2681 καὶ
821 2640 847 2681 ὁ
878 2639 1032 2693 λόγος.

470 2719 606 2757 Multo
650 2719 860 2758 maiorem
907 2724 1054 2757 autem
1100 2718 1276 2757 laudem
1323 2719 1396 2758 ille
1429 2718 1668 2758 Menandro
1715 2717 1833 2757 haud
1878 2715 2032 2769 paucis
2133 2768 2137 2773 ⁴

326 2797 435 2836 locis
467 2796 672 2848 impertit,
720 2796 842 2835 velut
887 2796 931 2834 in
978 2796 1068 2835 vita
1115 2795 1354 2835 Alexandri
1402 2796 1549 2848 Magni
1597 2809 1695 2848 cap.
1742 2804 1806 2845 17,
1854 2794 1898 2833 in
1945 2806 2032 2846 quo

327 2874 440 2913 haec
472 2873 667 2924 scripsit:
726 2866 782 2912 ‘H
815 2870 868 2913 δὲ
907 2873 987 2924 τῆς
1018 2871 1292 2926 Παμφυλίας
1322 2870 1600 2926 παραδρομὴ
1643 2872 1826 2922 πολλοῖς
1866 2870 2034 2924 γε’γονε
2064 2882 2070 2890 “
2119 2916 2144 2931 ,τά

327 2950 416 2990 τῶν
449 2949 689 3001 ἱστορικῶν
720 2948 938 3000 ὑπόθεσις
969 2947 1171 3002 γραφικὴ
1203 2948 1322 3002 πρὸς
1353 2948 1560 3002 ἔκπληξιν
1590 2948 1666 2990 καὶ
1696 2946 1860 3002 ὄγκον;
1897 2948 2034 2989 addit·

331 3040 438 3082 que:
482 3026 623 3082 Δηλοῑ
644 3025 719 3069 καὶ
740 3025 1018 3080 Μένανδρος
1041 3026 1091 3069 ἐν
1116 3026 1331 3083 κωμῳδίᾳ
1350 3025 1520 3078 παιζων
1539 3025 1659 3082 πρὸς
1677 3024 1730 3070 τὸ
1749 3023 2032 3082 παράδοξον·

2109 3075 2144 3092 ,3⁹2

2082 3092 2144 3121 ,Η
