2144 3354
882 178 1175 221 ..27-

101 323 109 339 ·
181 309 277 366 „qu
315 292 695 364 ⁵AReEavbpt‘bbec3
733 308 822 364 ἤδη
860 310 1024 352 τοῦτο“
1065 310 1154 354 κτὲ.
1216 310 1438 351 Laudatur
1483 309 1643 351 deinde
1675 314 1810 363 poeta
1842 310 1886 351 in

182 381 522 440 „Consolatione
543 388 599 428 ad
620 388 930 440 Apollonium“
954 400 1052 439 cap.
1085 389 1134 428 5:-
1167 419 1177 428 .
1212 420 1220 428 .
1256 419 1264 428 .
1300 387 1403 428 ,ἄν
1432 400 1498 437 τις
1529 387 1615 428 οὐκ
1637 386 1887 439 ἀπεικότως

57 445 62 453 ¹
168 465 336 508 εἴποι.
371 497 380 506 .
416 497 424 506 .
460 497 469 505 .
501 464 578 506 καὶ
617 463 670 505 τὸ
711 463 799 506 ὑπὸ
839 462 1118 516 Μενάνδρου
1160 463 1315 517 ῥηθέν·
1379 464 1460 514 „Ei
1490 464 1583 517 γὰρ
1615 464 1779 517 ἐγένου
1812 464 1883 516 σύ,

180 541 414 598 Τρόφιμε“
453 541 551 583 κτὲ.
600 543 645 582 in
686 542 931 594 eademque
972 541 1280 581 dissertatione
1322 555 1419 593 cap.
1462 553 1518 592 34
1558 555 1718 595 magna
1755 543 1886 583 laude

27 634 35 646 ³
107 612 110 613 ⁷
182 613 332 661 addita
363 626 543 660 auctore
575 620 710 659 utitur
752 624 886 672 poeta
918 619 1202 659 Plutarchus:
1237 651 1245 658 .
1281 651 1290 661 .
1326 651 1333 658 .
1367 617 1793 672 προσμαρτυρήσας
1823 619 1885 673 τῷ

127 689 129 691 ’
178 697 334 748 καλῶς
370 695 458 738 ὑπὸ
498 695 777 748 Μενάνδρου
824 695 1005 748 ῥηθέντι
1035 693 1210 750 τούτῳ·
1274 689 1399 747 „⁰Ov
1442 695 1484 735 οἱ
1523 694 1622 736 θεοὶ
1663 696 1898 749 φιλοῦσιν,Δ

181 772 460 826 ἀποθνήσκει
490 773 642 825 νέοςίι.
674 774 970 826 Eiusdemque
994 774 1197 813 versibus
1230 787 1318 823 eos,
1352 774 1426 825 qui
1453 787 1585 813 unum
1607 774 1723 813 vitae
1746 786 1887 826 genus

16 834 64 905 Ῐχῖ-
122 908 126 912 ⁴
182 852 382 893 molestia
413 857 568 905 putant
600 864 774 900 vacare,
808 851 967 891 erroris
1000 851 1206 890 admonet
1237 852 1280 890 in
1312 851 1423 890 libro
1457 852 1541 900 „de
1573 851 1886 903 tranquillitate

183 930 344 970 animi“
377 943 472 982 cap.
507 940 553 978 3:
586 926 695 978 τοὺς
726 926 806 982 μὲν
835 927 928 980 γὰρ
954 927 1307 982 ἀφωρισμένους
1328 927 1412 968 ἕνα
1440 926 1538 984 βίον
1569 928 1743 968 ἄλυπον
1773 926 1888 982 νομί-

181 1005 348 1056 ζοντας
378 1004 547 1056 ἱκανῶς
586 1005 613 1046 ὁ
652 993 930 1057 Μένανδρος
969 1003 1289 1059 ὑπομιμνήσκει
1319 1004 1487 1057 λέγων’
1552 997 1746 1058 ,,”Ωιμήν
1794 1003 1884 1057 ἐγὼ

181 1081 291 1134 τοὺς
334 1081 595 1133 πλουσίους,
644 1081 680 1123 ὠ
728 1080 909 1122 Φανία“
955 1081 1044 1122 κτὲ.
1109 1083 1309 1135 Cumque
1355 1083 1400 1122 in
1447 1082 1754 1122 dissertatione
1803 1081 1888 1131 „de

181 1161 375 1202 fraterno
408 1165 584 1200 amore“
618 1173 716 1212 cap.
750 1161 775 1201 3
809 1160 946 1200 dicat:
1010 1159 1075 1210 ὡς
1107 1158 1307 1213 ἀφίλους
1340 1158 1416 1200 καὶ
1447 1158 1662 1213 ἀμίκτους
1701 1157 1777 1199 καὶ
1817 1171 1888 1212 μο-

165 1236 440 1291 νοτρόπους
490 1236 574 1289 ζῆν
628 1235 685 1291 μὴ
731 1235 1016 1291 δυναμένους
1078 1261 1127 1266 —
1190 1251 1251 1277 sc.
1297 1236 1415 1291 ἡμᾶς
1480 1261 1529 1266 —-
1595 1234 1707 1290 μηδὲ
1755 1249 1889 1289 πεφυ-

181 1314 334 1366 κότας,
367 1321 593 1355 auctorem
624 1314 774 1353 laudat
804 1319 1001 1366 poetam:
1044 1312 1155 1354 ὅθεν
1186 1313 1213 1354 ὁ
1244 1312 1523 1365 Μένανδρος
1554 1313 1723 1365 ὀρθῶς·
1758 1311 1888 1362 „Oine

181 1392 235 1434 ἐκ
263 1390 414 1433 πότων
442 1389 518 1432 καὶ
548 1391 629 1443 τῆς
658 1389 761 1431 καθ’
793 1389 967 1444 ἡμέραν
997 1391 1203 1443 τρυφῆς“
1233 1390 1330 1441 κτὲ;
1364 1391 1407 1430 in
1449 1391 1693 1443 eademque
1735 1391 1891 1430 disser-

182 1470 349 1510 tatione
396 1482 491 1521 cap.
527 1479 602 1508 20:
664 1466 732 1508 Τὸ
764 1465 818 1508 δὲ
849 1466 1165 1519 Μενάνδρειον
1196 1468 1353 1519 ὀρθῶς
1385 1466 1502 1519 ἔχον,
1537 1467 1624 1518 ῶς;
1690 1465 1888 1517 ,,Οὐδεὶς

183 1546 374 1599 ἀγαπῶν
404 1543 545 1595 αὐτὸς
575 1543 771 1599 ἀμελεῖθ’
805 1542 997 1596 ἡδέωςιι.
1032 1546 1286 1597 Rursusque
1318 1546 1363 1584 in
1395 1546 1506 1585 libro
1540 1546 1622 1595 „de
1646 1545 1887 1597 cupiditate

183 1625 461 1664 divitiarum“
511 1636 607 1674 cap.
655 1634 683 1673 4
729 1623 991 1662 Plutarchus
1037 1627 1198 1674 poetae
1246 1624 1502 1665 assentitur:
1572 1621 1666 1663 ἐπεὶ
1712 1620 1792 1674 τήν
1832 1634 1888 1673 γε

181 1698 465 1755 χρηματικήν,
499 1698 564 1750 ὥς
595 1708 732 1753 φησιν
763 1699 789 1739 ὁ
836 1697 1133 1751 Μένανδρος,
1186 1698 1253 1750 εἷς
1299 1700 1357 1740 ἂν
1405 1699 1538 1753 φίλος
1584 1698 1883 1747 ἀπαλλάξειεν

172 1775 503 1831 εὐεργετήσας.

324 1855 612 1896 Menandrum
638 1861 786 1894 autem
819 1855 1001 1907 eiusque
1027 1855 1197 1895 fabulas
1223 1855 1340 1894 haud
1367 1856 1573 1908 ambigue
1604 1855 1886 1894 Plutarchum

182 1933 466 1985 Aristophani
512 1938 556 1972 et
602 1932 809 1984 antiquae
842 1932 1098 1972 comoediae
1147 1933 1451 1984 anteposuisse
1498 1933 1584 1971 iam
1616 1945 1750 1984 supra
1780 1932 1884 1971 satis

182 2010 527 2050 demonstratum
554 2016 622 2049 est
646 2010 840 2061 itemque
867 2010 910 2048 in
933 2010 1007 2049 illa
1033 2010 1363 2062 comparatione
1381 2010 1668 2049 Menandrum
1686 2009 1886 2049 laudibus

183 2088 308 2140 quasi
339 2088 606 2127 cumulatum
638 2100 737 2126 esse
770 2100 903 2139 supra
935 2079 1156 2126 vidimus(

325 2165 478 2216 Itaque
521 2164 639 2204 haud
678 2165 967 2204 vehementer
1007 2177 1216 2213 erramus,
1259 2164 1295 2203 si
1327 2164 1610 2203 Plutarchum
1641 2163 1883 2203 secundum

185 2242 424 2281 Homerum
470 2242 799 2294 Hesiodumque
859 2242 1050 2281 omnium
1103 2247 1333 2294 poetarum
1381 2240 1667 2280 Menandrum
1711 2240 1886 2293 plurimi

184 2317 344 2358 fecisse
376 2318 647 2359 arbitramur.

326 2746 416 2785 Iam
455 2758 561 2785 vero
602 2746 657 2785 ad
697 2747 831 2786 finem
871 2748 1164 2799 pervenimus.
1237 2747 1355 2799 Quid
1395 2754 1542 2787 autem
1582 2748 1699 2787 aliud
1740 2754 1887 2799 potest

185 2821 388 2862 affirmari
446 2823 528 2862 nisi
588 2824 872 2864 Plutarchum
927 2825 1195 2877 iniquissime
1242 2825 1297 2864 de
1344 2825 1487 2876 poetis
1536 2825 1751 2864 scaenicis
1799 2838 1882 2864 uno

185 2898 424 2939 Menandro
456 2905 644 2952 excepto
675 2900 922 2940 iudicasse?
977 2903 1091 2941 Nam
1124 2902 1206 2941 etsi
1239 2901 1572 2941 concedendum
1604 2907 1671 2940 est
1717 2915 1883 2941 summo

185 2974 383 3016 veritatis
413 2976 556 3017 studio
588 2976 816 3017 incensum
846 2978 967 3018 illum
999 2978 1113 3018 vitas
1152 2978 1207 3018 ad
1238 2978 1370 3018 fidem
1402 2978 1608 3018 historiae
1640 2978 1884 3031 prodidisse
