2144 3354
1038 216 1332 257 *20—

338 344 561 402 χρώμενοι
596 371 644 376 -
690 360 749 387 sc.
793 344 836 387 οἱ
875 346 1110 400 Μεγαρεῖς
1148 371 1197 376 ——
1240 347 1336 397 τοῖς
1382 344 1669 404 περιβοήτοις
1699 347 1774 390 καὶ
1808 331 2042 404 δημώδεσι»
2060 391 2061 394 ,

333 423 510 475 τούτοις
540 424 593 465 ἐκ
623 424 713 464 τῶν
745 422 1013 476 Ἀχαρνέων
1044 422 1291 476 στιχιδίοις·
1326 420 1553 477 ,,Πόρνην’
1575 423 1629 467 δὲ
1649 425 1873 481 Σιμαίθαν
1891 426 2041 479 ἰόντες

333 500 614 555 Μεγάραδε“
655 500 752 551 κτὲ;
817 502 1023 554 vulgares
1067 502 1200 554 igitur
1241 508 1286 542 et
1326 503 1451 542 tritos
1493 503 1589 544 illos
1630 517 1786 545 versus
1828 507 2037 546 nominat.

335 582 588 632 Rursusque
610 580 886 631 vituperatur
911 579 1230 631 Aristophanes
1251 580 1294 619 in
1316 580 1426 620 libro
1450 580 1533 630 „de
1554 580 1780 623 adulatore
1803 589 1847 623 et
1869 583 2041 624 amico‘ss

336 672 432 710 cap.
467 669 544 706 32:
615 655 957 710 Ἀριστοφάνης
989 653 1042 696 δὲ
1073 654 1148 696 καὶ
1179 654 1260 697 τὸν
1279 655 1474 698 Κλέωνα
1503 658 1637 698 τοῦτο
1658 658 1867 712 ἐγκαλεῖν
1888 669 2037 714 φησιν,
2071 657 2073 659 ’
2138 647 2142 649 λ

335 735 401 776 ὅτι
434 734 605 785 ,,ξένων
634 733 876 787 παρόντων
905 731 986 786 τὴν
1015 732 1146 775 πόλιν
1167 734 1324 784 κακῶς
1354 733 1504 787 λέγει“
1551 733 1626 776 καὶ
1656 735 1901 788 παροξύνει
1930 735 2040 789 τοὺς

336 811 616 865 Ἀθηναίους
648 813 857 865 additque
890 813 1151 852 Plutarchus
1184 825 1387 852 monens:
1441 811 1524 852 Διὸ
1557 811 1626 853 δεῖ
1657 812 1846 867 σφόδρα
1877 814 2036 869 φυλάτ-
2108 816 2109 819 ’

333 890 493 932 τεσθαι
518 889 594 930 καὶ
625 890 760 930 τοῦτο
793 888 902 944 μετὰ
931 889 1021 929 τῶν
1052 889 1203 930 ἄλλων
1233 886 1342 940 τοὺς
1377 887 1433 943 μὴ
1467 889 1897 942 παρεπιδείκνυσθαι
1927 891 2041 947 μηδὲ

335 966 635 1022 δημαγωγεῖν,
669 966 766 1008 ἀλλ’
801 964 1096 1020 ὀνησιφόρως
1126 964 1202 1006 καὶ
1232 966 1571 1018 θεραπευτικῶς
1601 968 1798 1020 χρῆσθαι
1841 970 1893 1022 τῇ
1932 970 2041 1022 παῤ·

336 1043 474 1098 ῥησίᾳ
508 1044 828 1102 βουλομένους.
892 1045 1038 1096 Atque
1078 1044 1291 1084 conviciis
1333 1045 1457 1096 quasi
1490 1046 1687 1085 obruitur
1720 1047 2039 1099 Aristophanes

335 1124 379 1163 in
442 1124 634 1176 epitome
698 1122 1037 1175 comparationis
1098 1122 1404 1173 Aristophanis
1452 1128 1496 1162 et
1547 1123 1784 1163 Menandri.
1847 1125 1914 1164 De
1955 1138 2042 1178 qua

336 1201 665 1254 comparatione
699 1213 963 1252 quamquam
995 1199 1311 1239 Volkmannius
1358 1199 1537 1239 uberius
1580 1199 1784 1240 disseruit
1816 1202 1859 1241 in
1892 1215 2041 1254 opere,

336 1279 454 1331 quod
485 1292 619 1330 supra
650 1278 970 1317 nominavimus
995 1277 1075 1330 [:p.
1110 1288 1196 1326 334
1228 1290 1323 1328 sqq.
1337 1276 1374 1329 :],
1407 1282 1554 1317 tamen
1573 1277 1691 1317 haud
1713 1278 1911 1330 ineptum
1943 1292 2042 1320 esse

335 1357 440 1397 mihi
472 1356 647 1396 videtur
679 1356 836 1395 iterum
868 1355 988 1394 illum
1019 1355 1165 1394 locum
1197 1359 1483 1406 pertractare.

479 1470 571 1509 Nos
602 1469 845 1509 iudicamus
876 1468 1009 1521 longe
1043 1468 1170 1507 aliter
1201 1467 1257 1507 de
1287 1468 1371 1507 illis
1405 1468 1575 1508 duobus
1606 1469 1745 1521 poetis
1778 1474 1910 1522 atque
1943 1471 2041 1511 Plu-

337 1548 525 1587 tarchus.
609 1548 797 1586 Tantum
845 1546 960 1586 enim
1008 1547 1147 1595 abest,
1195 1551 1243 1585 ut
1288 1545 1628 1598 Aristophanem
1683 1547 1756 1586 ille
1803 1548 2043 1589 Menandro

338 1625 572 1677 praeferat,
607 1630 653 1664 ut
686 1625 921 1664 abhorreat
953 1624 1007 1663 ab
1040 1623 1113 1663 illo
1147 1624 1353 1676 antiquae
1387 1624 1642 1664 comoediae
1675 1625 1888 1678 principe,
1913 1639 2044 1680 quem

338 1716 417 1742 nos
464 1703 751 1742 admiratione
800 1702 979 1754 dignum
1037 1714 1280 1751 censemus,
1330 1715 1518 1754 eumque
1572 1716 1751 1754 prorsus
1793 1710 2045 1745 contemnat

340 1781 563 1829 conviciis,
598 1786 644 1820 ut
677 1793 808 1832 supra
841 1780 1005 1819 dictum
1038 1785 1116 1829 est,
1139 1779 1257 1819 haud
1289 1779 1441 1831 paucis
1474 1779 1671 1819 adiectis.
1725 1779 1792 1820 Τὸ
1825 1779 2044 1834 φορτικόν

339 1867 448 1912 φησι
480 1882 535 1887 —-
569 1871 627 1897 sc.
661 1855 963 1909 Πλούταρχος
996 1881 1051 1886 -
1084 1856 1135 1897 ἐν
1165 1854 1323 1908 λόγοις
1338 1854 1414 1896 καὶ
1434 1855 1675 1910 θυμελικὸν
1704 1856 1780 1898 καὶ
1808 1858 2044 1914 βάναυσον

340 1934 404 1986 ὥς
444 1935 565 1976 ἐστιν
605 1933 976 1988 Ἀριστοφάνους
1010 1967 1018 1975 .
1055 1967 1063 1974 .
1099 1965 1108 1974 .
1153 1934 1307 1974 Genus
1349 1934 1524 1974 dicendi
1565 1935 1698 1988 igitur
1738 1936 2046 1989 Aristophanis

339 2014 565 2062 tumidum,
619 2014 814 2062 scurrile,
864 2013 1078 2052 illiberale
1125 2013 1386 2064 appellatur.
1458 2013 1525 2052 De
1578 2013 1848 2053 auditoribus
1895 2019 2043 2054 autem

340 2091 648 2143 Aristophanis
681 2091 755 2131 ille
787 2092 899 2131 haec
933 2090 1081 2130 dicere
1115 2090 1267 2130 audet:
1329 2088 1419 2130 Καὶ
1459 2088 1552 2142 γὰρ
1586 2089 1612 2130 ὁ
1653 2087 1732 2144 μὲν
1771 2089 2046 2142 ἀπαίδευτος

339 2167 413 2210 καὶ
460 2166 650 2221 ἰδιώτης,
700 2166 769 2219 οἷς
816 2168 993 2218 ἐκεῖνος
1037 2167 1172 2220 λέγει,
1220 2165 1470 2208 ἁλίσκεται·
1519 2167 1546 2207 ὁ
1592 2165 1645 2208 δὲ
1690 2166 2046 2223 πεπαιδευμένος
2110 2197 2114 2200 »

340 2245 625 2299 δυσχερανεῖ.
691 2246 760 2286 An
816 2247 1002 2286 fortasse
1066 2246 1218 2286 doctos
1280 2258 1386 2285 suae
1447 2246 1603 2285 aetatis
1664 2245 1737 2285 ille
1798 2246 2045 2299 intellegit?

341 2327 439 2366 Non
497 2326 612 2365 enim
676 2325 1032 2374 addubitandum,
1079 2325 1182 2377 quin
1244 2323 1563 2375 Aristophanes
1625 2323 1714 2362 suis
1775 2323 2046 2376 temporibus
2097 2368 2100 2369 ⁷

341 2416 492 2442 omnes
555 2403 850 2442 Athenienses
921 2408 1014 2441 arte
1084 2401 1296 2450 tenuerit;
1368 2413 1513 2452 neque
1584 2412 1689 2440 vero
1760 2406 2044 2452 praetereun-

342 2480 442 2520 dum
500 2481 744 2532 posteriore
785 2486 985 2532 tempore
1027 2493 1186 2519 novam
1219 2478 1503 2527 comoediam,
1545 2477 1669 2517 cuius
1710 2478 1918 2530 princeps
1955 2479 2044 2518 Me-

341 2559 507 2598 nander
552 2564 631 2607 est,
679 2558 767 2598 vim
814 2558 1018 2609 antiquae
1066 2556 1321 2597 comoediae
1369 2568 1638 2608 magnopere
1679 2556 1911 2608 infregisse
1946 2555 2045 2596 -vel

340 2636 486 2688 potius
532 2636 803 2675 exstinxisse.
867 2636 997 2675 Docti
1038 2635 1208 2674 scilicet
1248 2634 1541 2683 offenduntur,
1583 2639 1631 2673 ut
1671 2634 1732 2673 ait
1769 2634 2043 2684 Plutarchus,

341 2713 648 2765 Aristophanis
681 2713 891 2762 oratione,
926 2713 1042 2764 quod
1074 2713 1147 2751 ille
1180 2711 1432 2751 doctissimo
1466 2711 1637 2763 cuique,
1672 2717 1718 2750 ut
1750 2710 1934 2760 Socrati,
1969 2714 2045 2750 aut

342 2791 418 2841 eis,
451 2791 523 2842 qui
557 2791 674 2830 docti
706 2790 847 2830 videri
879 2791 1126 2839 voluerunt,
1160 2789 1277 2830 haud
1309 2802 1406 2828 raro
1439 2789 1585 2828 illusit.
1634 2789 1879 2828 Verborum
1911 2787 2044 2828 etiam

343 2874 579 2920 apparatus
611 2868 892 2907 infestissime
940 2868 1235 2920 vituperatur:
1307 2863 1494 2907 ’Ένεστι
1526 2864 1605 2920 μὲν
1636 2864 1719 2906 οὖν
1751 2865 1801 2905 ἐν
1830 2865 1882 2917 τῇ
1913 2877 2045 2906 κατα-

342 2946 482 2998 σκευῇ
514 2946 603 2986 τῶν
635 2945 871 3000 ὀνομάτων
902 2945 1023 3000 αὐτῷ
1055 2944 1107 2986 τὸ
1138 2943 1376 2997 τραγικόν,
1411 2942 1462 2984 τὸ
1493 2942 1703 2998 κωμικόν,
1736 2940 1788 2983 τὸ
1819 2940 2043 3000 σοβαρόν,

341 3021 393 3064 τὸ
424 3021 574 3074 πεζόν,
607 3023 822 3078 ἀσάφεια,
855 3021 1079 3076 κοινότης,
1123 3020 1268 3076 ὄγκος
1297 3021 1373 3063 καὶ
1405 3017 1587 3077 δίαρμα,
1630 3019 1939 3076 σπερμολογία
1967 3018 2045 3063 καὶ
