2144 3354
863 209 1157 251 —23—

164 341 286 398 βίου,
346 339 556 392 καθάπερ
612 337 809 392 ἀρχαίας
853 337 1116 394 κωμῳδίας,
1176 339 1438 391 ἀναγνῶναι
1482 338 1537 380 τὰ
1583 336 1663 393 μὲν
1708 339 1866 391 πρῶτα

161 416 386 468 πολιτείας
424 415 500 458 καὶ
541 414 829 468 στρατηγίας,
872 415 927 456 τὰ
963 408 1005 456 δ’
1049 414 1221 467 ὕστερα
1267 414 1436 465 πότους
1475 414 1551 456 καὶ
1593 414 1751 456 δεῖπνα
1789 414 1866 456 καὶ

163 492 403 549 μονονουχὶ
432 491 615 548 κώμους
646 492 721 534 καὶ
752 491 993 547 λαμπάδας
1022 491 1098 532 καὶ
1129 490 1311 532 παιδιὰν
1342 493 1539 533 ἅπασαν.
1574 493 1692 544 Quid
1733 494 1867 545 igitur

162 571 295 611 tantis
326 571 743 623 reprehensionibus
775 571 952 622 antiqua
985 569 1214 609 comoedia
1236 570 1398 609 affecta
1419 571 1514 609 laus
1538 570 1611 609 illa
1633 569 1866 609 mediocris

163 649 312 689 valere
354 654 514 700 potest,
558 661 687 700 quam
729 648 990 687 Plutarchus
1032 647 1317 699 Aristophani
1358 647 1509 686 tribuit
1549 647 1592 686 in
1625 629 1866 686 Alcibiadis

163 726 254 766 vita
286 738 383 777 cap.
423 725 473 764 16
505 726 616 764 haec
647 725 819 767 dicens:
853 757 861 767 .
898 755 906 763 .
942 757 950 766 .
985 757 994 766 .
1030 724 1111 763 τοῦ
1143 721 1196 763 δὲ
1229 722 1374 777 δήμου
1405 722 1457 763 τὸ
1487 723 1637 773 πάθός
1667 722 1718 763 τὸ
1748 721 1868 775 πρὸς

162 800 303 843 αὐτὸν
338 826 387 830 ——
414 815 475 844 sc,
496 782 790 857 Ἀλκιβιάδην
814 825 862 829 ——
890 800 946 840 οὐ
971 801 1126 851 κακῶς
1149 799 1455 854 ἐξηγούμενος
1479 801 1505 840 ὁ
1527 800 1867 854 Ἀριστοφάνης

161 878 282 920 ταῦτ’
313 878 489 931 εἴρηκε·
525 878 699 928 ,,Ποθ»εἲ
730 877 821 932 μέν,
856 876 1057 929 ἐχθαίρει
1088 876 1153 927 δέ,
1190 876 1398 934 βούλεται
1429 877 1469 917 δ’
1505 875 1694 929 ἔχειν.“ἓ

305 957 462 1008 Neque
494 969 599 995 vero
632 955 974 1007 Aristophanem
1007 956 1158 1004 solum,
1205 955 1283 994 sed
1317 955 1423 995 alios
1456 961 1622 1007 poetas,
1656 968 1867 1007 „quorum

163 1033 392 1073 comoedia
423 1033 568 1084 prisca
601 1035 706 1080 est“‚
741 1032 1024 1070 Plutarchum
1056 1032 1352 1084 parvifacere
1377 1038 1575 1084 apparet,
1601 1046 1865 1084 quamquam

162 1111 235 1150 ille
268 1110 565 1162 compluribus
597 1110 705 1148 locis
728 1115 957 1160 poetarum
981 1110 1186 1161 antiquae
1211 1109 1465 1148 comoediae
1489 1110 1718 1148 sententiis
1742 1123 1868 1162 argu-

163 1188 321 1227 mentis
368 1188 439 1227 vel
485 1186 735 1226 testimonio
783 1200 886 1225 usus
935 1192 1013 1236 est,
1058 1193 1106 1226 ut
1152 1187 1195 1226 in
1242 1187 1332 1226 vita
1365 1186 1617 1235 Alcibiadis,
1667 1187 1865 1236 Periclis,

164 1265 332 1313 Niciae,
366 1265 409 1303 in
441 1264 551 1303 libro
586 1264 670 1312 „de
703 1263 929 1302 adulatore
963 1270 1006 1303 et
1039 1249 1221 1303 amico.“

907 1467 940 1469 --
979 1465 986 1472 .
1012 1463 1026 1475 .
1051 1466 1158 1473 .---

308 1636 637 1693 Theopompus
663 1638 840 1691 quidem
873 1638 1067 1678 comicus
1099 1639 1438 1691 reprehenditur
1459 1639 1502 1679 in
1535 1640 1627 1679 vita
1656 1640 1869 1692 Lysandri

167 1729 264 1768 cap.
313 1727 362 1765 13
406 1722 537 1768 atque
579 1722 766 1769 nugator
806 1717 1075 1768 appellatur:
1109 1747 1118 1756 .
1154 1747 1162 1756 .
1196 1747 1204 1755 .
1238 1747 1247 1756 .
1310 1715 1337 1756 ὁ
1366 1714 1565 1770 κωμικὸς
1597 1714 1870 1772 Θεόπομπος

168 1791 291 1833 ἔοικε
341 1793 497 1845 ληρεῖν
546 1790 802 1840 ἀπεικάζων
862 1790 970 1843 τοὺς
1021 1791 1419 1847 Λακεδαιμονίους
1478 1796 1577 1844 ταῖς
1635 1793 1872 1847 καπηλίσιν

169 1871 194 1924 [z
210 1871 532 1924 argumentatio
566 1871 762 1923 sequitur
774 1870 811 1923 ;.]

312 2262 441 2315 Quod
472 2264 661 2315 pelicem
685 2263 917 2315 Aspasiam
940 2263 1231 2303 nominaverit
1257 2261 1475 2306 Cratinus
1502 2264 1546 2304 in
1578 2265 1669 2304 vita
1689 2265 1872 2305 Periclis

169 2353 267 2392 cap.
302 2351 371 2390 24,
403 2354 490 2380 non
521 2341 640 2380 laudi
663 2341 703 2380 ei
727 2353 825 2380 esse
848 2346 974 2392 putat
1002 2340 1285 2380 Plutarchus:
1342 2340 1572 2393 Κρατῖνος
1593 2339 1633 2382 δ’
1658 2342 1873 2394 ἄντικρυς

167 2414 402 2468 παλλακὴν
447 2415 587 2470 αὐτὴν
633 2416 815 2470 εἴρηκεν
862 2417 913 2458 ἐν
957 2415 1148 2467 τούτοις·
1213 2410 1403 2470 ,,“Ἠραν
1449 2418 1497 2458 τε’
1539 2418 1581 2459 οἱ
1616 2417 1873 2460 Ἀσπασίαν

168 2492 300 2535 τίκτει
329 2493 709 2547 Καταπυγοσύνη,
742 2492 976 2547 παλλακὴν
1005 2493 1279 2535 κυνώπιδα.“

312 2851 379 2890 De
419 2848 591 2904 Eupoli
624 2851 792 2890 comico
838 2851 998 2890 deinde
1039 2852 1112 2890 ille
1146 2852 1430 2904 contemptim
1471 2853 1660 2904 loquitur
1700 2854 1743 2893 in
1784 2855 1874 2895 vita

172 2927 364 2967 Cimonis
407 2940 504 2979 cap.
550 2935 622 2976 15:
682 2926 762 2977 Εἰς
802 2926 833 2967 ἃ
871 2926 947 2968 καὶ
993 2926 1047 2967 τὰ
1087 2927 1342 2979 Εὐπόλιδος
1385 2927 1730 2983 διατεθρύληται
1771 2931 1871 2984 περὶ

169 3001 392 3059 Κίμωνος,
427 3002 494 3044 ὅτι
526 3002 715 3056 ,,Κακὸς
746 3002 826 3059 μὲν
857 3003 942 3045 οὐκ
973 3002 1041 3058 ἦν,
1075 3003 1321 3059 φιλοπότης
1352 3004 1405 3046 δὲ
1435 3005 1661 3062 κάμελήςιι
1692 3007 1780 3049 κτὲ.
1821 3009 1874 3052 Εἰ
