2144 3354
1029 191 1323 234 —16—

325 337 422 376 cap.
472 335 522 374 14
561 323 845 376 perspicuum
887 313 979 366 esti
1035 322 1103 363 Τὸ
1143 323 1237 376 γὰρ
1274 324 1403 377 ὕδωρ
1436 326 1463 367 ὁ
1495 325 1575 381 μὲν
1607 328 1849 381 Αἰσχύλος,
1884 331 1933 378 εἰ,
1955 330 2033 373 καὶ
2098 303 2144 379 ⁵:ss

323 401 562 454 τραγικῶς,
597 393 694 441 ἀλλ’
725 400 909 452 ἀληθῶς
951 399 1057 441 εἶπε·
1102 395 1249 450 ,,Παῦ’
1290 400 1417 454 ὕδωρ
1459 393 1589 456 δίκην
1619 405 1810 457 πυρόςζί.
1874 409 2032 448 Nonne

324 486 471 520 autem
503 480 547 519 in
579 480 727 519 verbis
761 478 827 527 „ei
858 476 933 518 καὶ
964 479 1220 530 τραγικῶςιι
1263 481 1409 519 levem
1450 483 1839 533 reprehensionem
1886 485 2032 535 inesse
2120 480 2144 498 '³‘

323 557 662 597 existimandum
695 557 789 596 est?

464 637 590 675 Haec
631 635 725 674 fere
769 633 824 673 de
865 633 1009 685 poetis
1050 634 1230 686 tragicis
1273 647 1371 673 cum
1414 635 1544 675 laude
1589 643 1663 676 aut
1706 638 2030 690 vituperatione

320 714 535 753 dicuntur.

466 791 524 830 At
562 790 760 843 plurimis
801 789 909 829 locis
952 789 1083 828 etiam
1128 789 1299 828 illorum
1331 795 1562 841 poetarum
1593 792 1834 832 sententias
1865 793 2032 834 Plutar-

320 870 450 908 chum
522 868 774 907 adhibuisse
846 867 1019 906 silentio
1090 867 1299 906 transisse
1357 867 1523 906 videor.
1613 868 1795 908 Constat
1854 870 2030 922 quidem

318 947 577 999 saepissime
610 946 894 985 Plutarchum
935 947 1159 996 poetarum
1198 945 1315 984 dicta
1348 945 1508 984 citasse
1541 958 1686 997 neque
1718 946 1848 987 laude
1880 960 2025 1000 neque

316 1024 662 1076 reprehensione
707 1023 868 1062 addita.
933 1022 1063 1072 Quod
1107 1035 1163 1061 ne
1209 1022 1305 1074 quis
1350 1022 1458 1061 velit
1498 1022 1541 1061 in
1582 1027 1809 1074 poetarum
1852 1024 2028 1066 laudem

316 1107 491 1142 vertere
538 1102 610 1141 vel
657 1101 957 1140 demonstrare
1006 1113 1166 1152 magna
1212 1099 1383 1139 illorum
1431 1100 1692 1139 auctoritate
1741 1114 1839 1141 esse
1885 1102 2028 1142 nisum

315 1179 619 1219 Plutarchum!
682 1180 840 1218 Nonne
882 1177 1027 1229 potius
1075 1177 1299 1228 scriptoris
1347 1171 1572 1229 ingenium
1613 1177 1891 1229 admiremur,
1939 1180 2027 1232 qui,

315 1270 415 1297 cum
462 1256 592 1296 modo
640 1255 887 1308 opprobriis
932 1255 1056 1306 quasi
1103 1254 1356 1293 oneraverit
1396 1257 1560 1306 poetas,
1606 1255 1846 1296 eorundem
1896 1257 2024 1297 dictis

315 1335 539 1387 aptissime
562 1334 708 1382 utitur,
734 1333 891 1385 quibus
914 1345 1015 1371 suas
1048 1332 1184 1383 ipsius
1218 1331 1459 1370 sententias
1492 1331 1706 1372 affirmet?
1738 1334 1803 1372 Ex
1826 1334 2028 1374 omnibus

313 1418 460 1452 autem
493 1411 718 1451 Plutarchi
751 1410 925 1462 scriptis
958 1410 1088 1449 facile
1121 1414 1267 1461 potest
1299 1409 1494 1460 perspici
1534 1410 1753 1462 Euripidis
1785 1408 2026 1452 sententias

311 1503 411 1530 eum
443 1490 620 1542 saepius
653 1502 783 1541 quarn
817 1488 1049 1539 Sophoclis
1082 1487 1394 1538 Aeschylique‚
1429 1486 1661 1538 Sophoclis
1698 1487 1815 1528 dicta
1847 1489 2026 1542 saepius

313 1581 444 1621 quam
477 1567 689 1618 Aeschyli
732 1565 945 1607 attulisse.
1010 1565 1109 1616 Qua
1150 1564 1206 1603 de
1249 1577 1394 1612 causa,
1438 1577 1537 1603 cum
1578 1565 1675 1603 illos
1715 1569 1866 1616 poetas
1899 1567 2026 1606 simul

310 1651 551 1694 enumerat,
584 1644 772 1696 primum
794 1643 1061 1695 Euripidem,
1086 1641 1188 1681 dein
1221 1642 1499 1693 Sophoclem,
1523 1641 1714 1694 denique
1738 1643 2023 1695 Aeschylum,

307 1713 412 1763 ‘cum
454 1728 602 1762 autem
639 1721 895 1773 Euripidem
937 1726 981 1759 et
1021 1719 1288 1771 Sophoclem
1330 1725 1404 1758 aut
1447 1719 1728 1771 Aeschylum,
1768 1720 2024 1773 Euripidem

308 1801 429 1854 prius
460 1800 669 1842 nominat,
733 1798 864 1851 Quod
895 1799 1008 1837 haec
1041 1798 1246 1849 exempla
1286 1802 1522 1839 testantur:
1570 1798 1618 1836 In
1659 1798 1751 1837 vita
1782 1798 2023 1840 Alexandri

310 1879 459 1932 Magni
501 1891 597 1930 cap.
642 1879 666 1917 8
710 1876 862 1916 scribit
903 1876 1187 1915 Plutarchus:
1228 1873 1457 1924 Κάκεῖνος
1501 1899 1550 1903 -—
1595 1888 1656 1917 se.
1688 1871 1940 1927 “Ἀρπαλος
1971 1900 2021 1906 —

308 1954 508 2011 ἔπεμψεν
554 1955 676 2009 αὐτῷ
716 1953 799 2004 τάς
841 1966 889 1994 τε
932 1950 1147 1993 Φιλίστου
1190 1950 1375 2008 βίβλους
1414 1949 1490 1992 καὶ
1529 1952 1619 1992 τῶν
1657 1951 1905 2004 Εὐριπίδου
1944 1951 2021 1995 καὶ

307 2032 540 2086 Αἰσχύλου
571 2030 841 2087 τραγῳδιῶν
873 2030 1066 2083 συχνάς;
1101 2031 1348 2082 iterumque
1382 2030 1426 2068 in
1458 2029 1568 2069 libro
1602 2030 1686 2079 „de
1719 2031 1859 2083 gloria
1887 2031 2020 2071 Athe-

307 2113 553 2152 niensium“
595 2125 689 2163 cap.
726 2119 747 2160 5
785 2144 793 2153 .
829 2143 837 2152 .
873 2143 881 2152 .
917 2142 926 2152 .
961 2109 986 2160 ἡ
1032 2105 1282 2159 Εὐριπίδου
1330 2105 1472 2160 σοφία
1517 2105 1592 2147 καὶ
1640 2106 1668 2159 ή
1715 2107 2020 2161 Σοφοκλέους

306 2188 518 2243 λογιότης
548 2187 623 2230 καὶ
655 2187 706 2228 τὸ
749 2185 980 2239 Αἰσχύλου
1024 2185 1168 2240 στόμα
1202 2218 1209 2225 .
1247 2218 1254 2225 .
1292 2197 1323 2234 .;
1367 2198 1602 2237 rursusque
1645 2186 1689 2224 in
1730 2186 1821 2226 vita
1863 2187 2019 2227 Demo-

308 2268 476 2308 sthenis
519 2281 615 2319 cap.
665 2276 713 2317 7:
758 2299 767 2309 .
818 2299 827 2309 .
878 2299 887 2308 .
940 2299 948 2307 .
997 2264 1055 2304 ἄν
1102 2277 1173 2318 μοι
1219 2263 1309 2303 τῶν
1355 2260 1602 2314 Εὐριπίδου
1634 2261 1731 2303 τινὰ
1764 2261 1946 2316 ῥήσεων
1989 2263 2019 2317 ἣ

305 2333 623 2399 Σοφοκλέους
642 2344 778 2384 εἰπεῖν
809 2340 1055 2395 ἐθελήσῃς
1091 2342 1281 2393 denique
1314 2341 1358 2380 in
1390 2341 1500 2380 libro
1524 2341 1607 2390 „de
1631 2341 1790 2381 exilio“
1815 2355 1914 2394 cap.
1944 2353 2018 2391 13:

305 2422 372 2474 τίς
403 2422 495 2476 γὰρ
529 2421 711 2474 εἴρηκεν
745 2454 752 2462 .
790 2454 797 2461 .
835 2454 842 2461 .
880 2457 886 2461 .
922 2418 1145 2474 ἐγκώμιον
1176 2419 1382 2459 τοιοῦτον
1402 2417 1501 2458 οἷον
1519 2416 1787 2470 Εὐριπίδής;
1823 2416 1848 2472 [ι
1862 2430 2016 2458 versus

306 2507 548 2554 sequuntur
581 2499 604 2555 1]
638 2501 858 2552 pauloque
891 2500 1019 2541 infra:
1052 2495 1259 2549 ἀκήκοας
1290 2494 1436 2548 δήπου
1466 2495 1542 2536 καὶ
1573 2494 1693 2535 τουτὶ
1724 2493 1776 2535 τὸ
1808 2495 2016 2549 ἐπιγραμ-

308 2579 474 2634 μάτιον·
511 2575 769 2629 ,,Αἰσχύλον
800 2574 1130 2631 Εὐφορίωνος“
1163 2573 1251 2615 κτὲ.
