2144 3354
325 307 517 349 Plurima
547 305 726 360 quidem
758 305 983 346 Plutarchi
1020 304 1075 344 de
1108 310 1202 344 arte
1234 304 1412 356 poetica
1443 303 1607 344 iudicia
1653 316 1708 343 ex
1739 302 1890 344 libello

183 386 269 437 „de
323 385 469 439 poetis
515 385 772 425 audiendis“
828 384 991 424 hauriri
1046 396 1178 436 posse
1233 383 1319 422 iam
1374 383 1689 422 Volkmannius
1745 382 1890 422 decla-

181 463 311 505 ravit.
386 463 447 504 Ut
492 462 754 502 Plutarchus
801 462 923 501 initio
970 461 1109 500 libelli
1154 461 1320 513 pofisim
1368 474 1468 500 cum
1516 461 1664 512 capite
1711 460 1890 512 polypi:

184 538 529 596 [ῑΠουλύποδος
551 539 729 592 κεφαλῇ
761 537 827 579 ἔνι
841 536 921 592 μὲν
936 537 1095 588 κακὸν,
1119 538 1171 578 ἐν
1188 536 1242 578 δὲ
1258 536 1333 578 καὶ
1349 536 1532 587 ἐσθλόν,
1562 537 1629 578 ὅτι
1657 537 1891 594 βρωθῆναι

183 617 265 674 μέν
295 617 417 658 ἐστιν
446 615 648 669 ἥδιστος,
667 615 944 668 δυσόνειρον
960 611 1003 656 δ’
1015 615 1158 656 ὕπνον
1174 617 1299 665 ποιεῖ,
1331 614 1587 668 φανζασίας
1604 612 1889 667 ταραχώδεις

181 694 259 737 καὶ
279 693 563 745 ἀλλοκότους
584 693 832 749 δεχόμενον
843 695 867 748 ;]
892 708 1080 747 cumque
1098 695 1307 746 Aegypto
1327 694 1599 745 comparavit
1619 694 1643 746 [z
1659 691 1893 746 Φάρμακα

182 772 327 818 πολλὰ
358 770 439 827 μὲν
469 771 616 813 ἐσθλὰ
645 772 888 826 μεμιγμένα
916 771 1062 812 πολλὰ
1093 769 1147 812 δὲ
1177 771 1327 823 λυγρά
1340 772 1365 824 ε]
1399 772 1443 810 in
1466 784 1606 823 eaque
1630 770 1891 822 comparati·
1955 767 1959 770 ’

184 865 268 892 one
302 851 435 891 etiam
478 851 604 902 po‘esi
645 851 780 889 multa
821 850 926 890 vitia
965 850 1197 889 inhaerere
1238 850 1369 901 plane
1412 850 1640 889 confessus
1673 855 1742 888 est
1781 846 1893 901 [zxai

182 929 383 981 ποιητικῇ
413 925 527 968 πολὺ
568 925 649 981 μὲν
686 925 739 967 τὸ
769 925 857 979 ἡδὺ
897 926 973 967 καὶ
1003 925 1226 981 τρόφιμον
1256 926 1365 967 νέου
1407 927 1555 981 ψυχῆς
1587 924 1772 975 ἔνεστιν,
1806 925 1894 965 οὐκ
1925 951 1927 953 -

183 1002 372 1064 ἔλαττον
411 1002 464 1044 δὲ
495 1003 546 1045 τὸ
577 1003 851 1054 ταρακτικὸν
889 1003 965 1045 καὶ
996 1003 1290 1058 παράφορον,
1330 1005 1389 1044 ἂν
1421 1002 1477 1058 μὴ
1509 1003 1705 1056 τυγχάνῃ
1737 1000 1893 1043 παιδα-

183 1081 358 1135 γωγίας
389 1082 538 1134 ὀρθῆς
584 1081 611 1134 ἡ
642 1080 934 1135 ἀκρόασις;],
984 1083 1044 1122 ita
1077 1095 1189 1132 eum,
1231 1089 1279 1121 ut
1311 1083 1385 1134 qui
1418 1088 1537 1122 esset
1578 1082 1892 1121 adminiculum

185 1160 405 1212 quoddam
422 1161 566 1199 ruenti
597 1161 682 1199 iam
715 1161 918 1212 religioni
951 1161 1172 1212 antiquae,
1206 1161 1248 1199 in
1282 1161 1378 1199 illos
1411 1164 1575 1212 poetas,
1602 1160 1676 1211 qui
1703 1159 1894 1211 priscam

185 1237 368 1289 deorum
399 1238 695 1277 reverentiam
735 1238 974 1290 infringere
1018 1244 1150 1290 atque
1184 1244 1469 1276 contemnere
1503 1238 1716 1286 solebant,
1760 1237 1895 1276 vehe-

185 1315 375 1355 mentius
414 1315 707 1366 acerbiusque
741 1316 966 1354 invectum
1000 1328 1098 1354 esse
1132 1315 1226 1354 sine
1259 1315 1392 1354 dubio
1427 1315 1629 1356 efficitur.

328 1410 452 1449 Alios
485 1416 631 1449 autem
666 1414 830 1462 poetas,
865 1412 1057 1450 cultores
1089 1416 1222 1462 atque
1256 1411 1520 1458 conditores,
1557 1416 1603 1449 ut
1644 1410 1706 1449 ita
1738 1409 1896 1457 dicam,

185 1487 425 1540 religionis,
459 1488 580 1527 velut
613 1489 854 1527 Homerum
887 1488 1220 1540 Hesiodumque
1253 1489 1427 1540 plurimi
1452 1489 1735 1527 Plutarchum
1767 1486 1896 1526 aesti-

186 1578 330 1605 masse
347 1565 444 1616 quis
462 1565 671 1604 miretur?
703 1566 880 1605 Nullum
900 1566 1012 1604 enim
1033 1570 1210 1618 poetam
1228 1566 1309 1605 nisi
1327 1567 1568 1605 Homerum
1592 1571 1636 1604 et
1655 1565 1898 1604 Hesiodum

187 1643 450 1695 cognomine
477 1642 611 1682 divini
629 1643 785 1694 dignos
819 1656 917 1682 esse
949 1644 1134 1695 putavit.
1164 1642 1308 1698 [zvide
1331 1644 1500 1692 librum,
1519 1643 1593 1695 qui
1627 1642 1896 1692 „consolatio

187 1720 243 1760 ad
276 1720 586 1772 Apollonium“
634 1721 885 1760 inscribitur
917 1734 1013 1772 cap.
1038 1721 1090 1760 6:
1139 1719 1203 1760 ὡν
1234 1721 1415 1772 πρῶτος
1448 1719 1527 1774 μέν
1559 1720 1680 1789 ἐστιν
1719 1719 1746 1759 ὁ
1767 1719 1895 1769 θεῖος

172 1791 403 1851 ΪὈμηρος
453 1795 589 1838 εἰπών
635 1799 808 1850 (versus
853 1801 1110 1850 sequuntur)
1159 1805 1291 1850 atque
1339 1799 1510 1847 librum,
1567 1798 1640 1850 qui
1688 1803 1755 1837 est
1813 1797 1897 1846 „de

188 1875 368 1915 defectu
415 1877 720 1915 oraculorum“
768 1889 865 1927 cap.
898 1887 978 1929 39:
1025 1875 1143 1916 κατὰ
1189 1874 1244 1915 σὲ
1289 1875 1364 1916 καὶ
1410 1873 1490 1915 τὸν
1521 1875 1647 1915 θεῖον
1677 1869 1898 1915 Ἡσίοδον

187 1953 360 2005 (versus
386 1952 651 2008 sequitur):].
686 1954 775 1992 Sed
792 1954 835 1992 in
854 1954 948 1992 aliis
973 1967 1147 2005 quoque
1176 1954 1284 1992 locis
1308 1954 1570 1992 Plutarchus
1602 1953 1698 1992 illos
1730 1965 1898 1992 summa

155 2010 162 2019 x
188 2030 320 2070 laude
338 2031 494 2070 extulit
517 2031 824 2082 rarissimeque
842 2031 1127 2083 reprehendit
1144 2031 1316 2070 leviter.
1357 2031 1473 2082 Quin
1491 2031 1624 2069 etiam
1641 2030 1899 2082 saepissime

189 2108 451 2148 auctoritate
509 2109 643 2147 utitur
690 2109 871 2148 Homeri
919 2110 1180 2148 Plutarchus
1237 2109 1280 2147 in
1333 2108 1585 2159 praeceptis
1627 2108 1711 2156 „de
1754 2107 1898 2159 poetis

189 2185 446 2224 audiendis“
465 2183 784 2225 enumerandis.
809 2187 955 2238 Atque
973 2186 1295 2238 significatione
1315 2185 1370 2234 „o
1386 2183 1598 2237 ποιητής“
1618 2185 1894 2237 paucissimis

189 2263 300 2303 locis
332 2264 532 2315 exceptis
565 2265 807 2303 Homerum
839 2265 911 2303 ille
944 2264 1174 2316 intellegit.

335 2372 425 2410 Iam
459 2384 565 2410 vero
598 2371 654 2410 ad
684 2376 840 2423 poetas
873 2372 1100 2411 scaenicos
1132 2377 1418 2410 transeamus.

335 2467 382 2506 Si
429 2467 743 2506 Volkmannius
799 2467 919 2506 illum
975 2467 1171 2519 inprimis
1228 2479 1364 2518 opera
1411 2467 1607 2514 Homeri,
1663 2466 1898 2518 Euripidis,

193 2545 432 2594 Menandri,
465 2544 567 2584 dein
588 2545 765 2584 Pindari
787 2545 1110 2596 Simonidisque
1135 2544 1463 2583 accuratissime
1487 2544 1731 2596 perlegisse
1755 2544 1898 2592 docet,

193 2621 358 2674 optimo
399 2621 493 2660 iure
535 2618 722 2661 eundem
756 2623 966 2674 Aeschyli
1007 2622 1328 2674 Sophoclisque
1371 2622 1542 2660 fabulas
1585 2622 1761 2672 penitus
1802 2634 1900 2673 per-

194 2699 393 2751 spexisse
436 2699 521 2737 dici
563 2705 722 2750 potest.
762 2700 1038 2751 Quamquam
1082 2700 1197 2738 enim
1240 2700 1283 2738 in
1327 2699 1550 2737 Plutarchi
1591 2699 1711 2737 libris
1753 2699 1901 2749 plures

194 2789 349 2816 versus
383 2789 436 2815 ex
458 2776 678 2827 Euripidis
711 2777 869 2815 fabulis
902 2776 1079 2827 repetiti
1112 2789 1242 2827 quam
1274 2789 1329 2814 ex
1352 2777 1576 2827 Aeschylo
1609 2782 1653 2815 et
1679 2776 1900 2827 Sophocle

194 2854 485 2906 reperiuntur,
519 2860 666 2892 tamen
698 2853 771 2892 ille
804 2853 858 2892 de
891 2853 958 2892 his
990 2855 1133 2904 poetis
1165 2853 1345 2905 tragicis
1380 2867 1466 2892 non
1500 2854 1640 2892 minus
1673 2853 1815 2905 perite
1850 2866 1901 2892 ac
