2144 3354
179 347 236 388 οὐ
250 346 357 399 γάρ,
391 346 455 397 ὡς
472 346 499 386 ὁ
520 344 768 398 Εὐριπίδης
790 345 914 400 φησί·
949 346 1134 400 ,,μάντις
1154 346 1346 398 ἄριστος
1363 345 1489 395 ὅστις
1506 343 1671 392 εἰκάζει
1686 343 1884 393 καλῶς“,

178 415 279 465 ἀλλ’
306 421 444 474 οὗτος
474 421 663 477 ἔμφρων
695 420 775 477 μὲν
806 421 926 475 ἀνὴρ
958 422 1035 465 καὶ
1074 424 1136 478 τῷ
1177 423 1289 463 νοῦν
1321 420 1466 474 ἔχοντι
1504 422 1585 473 τῆς
1615 421 1766 475 ψυχῆς
1794 418 1884 461 κτὲ.

321 495 468 547 Atque
490 495 856 535 insolentissimae
879 496 1116 536 iactantiae
1143 500 1324 541 accusat
1346 494 1608 533 Plutarchus
1631 492 1886 545 Euripidem

178 573 222 614 in
265 573 391 622 libro,
436 573 510 625 qui
554 574 806 613 inscribitur
846 574 976 625 „Qua
1018 574 1115 626 quis
1158 573 1328 613 ratione
1373 585 1422 611 se
1468 572 1563 623 ipse
1596 571 1690 610 sine
1723 570 1888 610 invidia

178 651 357 690 laudet“
389 664 487 702 cap.
526 662 568 694 1:
605 650 632 690 ὁ
663 651 779 703 γοῦν
808 649 1056 704 Εὐριπίδης
1087 648 1235 691 εἰπών·
1267 649 1334 699 ,,εἰ
1365 646 1405 688 δ’
1426 647 1546 700 ἦσαν
1577 645 1887 698 ἀνθρώποισιν

178 726 341 780 ὠνητοὶ
371 727 529 781 λόγοι“
561 728 650 769 κτὲ.
685 729 996 782 φορτικωτάτῃ
1027 729 1240 781 κέχρηται
1272 724 1550 780 μεγαλαυχίᾳ
1582 723 1886 776 συγκαταπλέ-

177 819 274 847 κων
303 807 399 856 τοῖς
428 805 830 861 τραγῳδουμένοις
860 806 1026 847 πάθεσι
1055 804 1132 847 καὶ
1162 804 1397 858 πράγμασι
1429 800 1569 857 μηδὲν
1592 800 1887 854 προσήκοντα

178 881 259 923 τὸν
303 882 406 935 περὶ
456 883 597 924 αὑτοῦ
642 882 794 936 λόγον,
851 897 950 923 cum
1003 884 1217 923 Pindarus
1265 881 1462 921 eiusdem
1509 880 1604 919 vitii
1658 879 1886 919 convictus

180 960 274 1014 [τοῦ
306 959 494 1001 παύεται
540 975 600 1001 sc.
647 961 674 1001 ὁ
720 959 960 1013 Πίνδαρος
993 986 1042 990 -
1076 958 1406 1014 μεγαληγορῶν
1452 956 1553 1008 περὶ
1597 957 1677 1008 τῆς
1721 955 1887 996 ἑαυτοῦ

179 1036 468 1092 δυνάμεως;]
501 1039 647 1078 statim
666 1045 902 1079 excusetur
918 1040 985 1078 his
1010 1038 1175 1078 verbis:
1216 1035 1349 1086 ἀξίας
1376 1033 1456 1089 μὲν
1478 1033 1711 1088 ἐγκωμίων
1729 1032 1886 1085 οὔσης·

178 1114 245 1166 τίς
259 1114 353 1176 γὰρ
371 1113 427 1156 οὔ
459 1124 614 1169 φησιν;
649 1117 829 1169 Iamque
862 1117 1032 1168 pridem
1065 1129 1113 1155 se
1157 1114 1375 1167 indignari
1407 1113 1670 1152 sententiam
1705 1115 1885 1164 poetae:

181 1192 384 1242 ,,Μέλλει,
417 1192 470 1233 τὸ
501 1193 627 1234 θνεῑον
644 1185 686 1233 δ’
701 1192 795 1234 ἐστὶ
826 1194 1033 1234 τοιοῦτον
1065 1191 1226 1246 φύσειιι
1263 1192 1490 1232 confessus
1524 1196 1590 1228 est
1625 1190 1886 1228 Plutarchus

180 1271 222 1310 in
264 1271 375 1310 libro
420 1271 504 1320 „de
545 1272 626 1320 his,
670 1272 743 1323 qui
785 1285 883 1311 sero
924 1285 950 1310 a
980 1271 1158 1310 numine
1191 1270 1457 1322 puniuntur“
1492 1281 1587 1318 cap.
1622 1277 1665 1309 2:
1698 1264 1887 1306 ἔκπαλαι

181 1341 224 1388 δ’
253 1347 543 1400 ἠγανάκτουν
574 1347 759 1388 ἀκούων
774 1346 1023 1400 Εὐριπίδου
1054 1347 1273 1400 λέγοντος
1306 1379 1313 1387 .
1350 1378 1358 1385 .
1393 1377 1403 1385 .
1438 1377 1445 1384 .
1471 1345 1617 1395 Atque
1651 1344 1761 1383 adeo
1786 1344 1886 1382 stul-

179 1431 250 1465 tus
294 1427 542 1478 appellatur
582 1427 816 1478 Euripides
856 1427 901 1465 in
942 1426 1099 1465 eodem
1142 1426 1311 1477 capite:
1348 1455 1356 1463 .
1392 1454 1400 1462 .
1435 1453 1443 1461 .
1482 1420 1592 1461 ὅθεν
1638 1419 1886 1472 Εὐριπίδης

179 1502 364 1553 ἄτοπος,
408 1503 474 1553 εἰς
513 1501 778 1556 ἀποτροπὴν
807 1501 971 1553 κακίας
1001 1499 1179 1551 τούτοις
1209 1497 1457 1553 χρώμενος·
1494 1496 1663 1557 ,,Οι’5τοι
1695 1496 1886 1547 προσελ-

180 1579 313 1620 θοῦσ’
357 1579 384 1632 ἡ
431 1578 544 1632 Δίκη
576 1589 642 1630 σε,
685 1578 742 1634 μὴ
786 1580 984 1633 τρέσῃςίι
1032 1578 1120 1621 κτὲ.
1168 1580 1325 1630 Neque
1359 1568 1536 1616 ‘leviter
1582 1576 1655 1614 ille
1713 1577 1886 1626 poetam

182 1658 411 1708 incusavit,
474 1658 592 1710 quod
653 1659 708 1698 de
771 1672 918 1698 amore
989 1658 1211 1697 humiliter
1273 1655 1483 1695 sensisset
1547 1654 1582 1706 [z
1636 1651 1887 1691 Amatorius

118 1743 121 1746 '
182 1748 278 1787 cap.
317 1737 367 1775 18
403 1735 448 1788 :]:
489 1729 618 1790 ‘Hpiv
649 1733 703 1776 δὲ
741 1733 956 1792 βασιλεὺς
992 1733 1067 1775 καὶ
1104 1734 1260 1785 ἄρχων
1291 1730 1366 1773 καὶ
1398 1727 1636 1785 ἁρμοστὴς
1667 1728 1694 1769 ὁ
1724 1722 1888 1780 ’Έρως

178 1810 265 1852 ὑπὸ
314 1806 536 1853 ίΗσιόδου
581 1811 658 1853 καὶ
703 1812 956 1863 Πλάτωνος
1000 1811 1077 1853 καὶ
1123 1809 1346 1860 Σόλωνος
1392 1807 1482 1849 ἀπὸ
1530 1808 1611 1848 τοῦ
1641 1801 1888 1856 Ἑλικῶνος

178 1889 244 1940 εἰς
274 1887 355 1942 τὴν
397 1889 681 1944 Ἀκαδημίαν
722 1889 1100 1944 ἐστεφανωμένος
1141 1887 1384 1940 κατάγεται
1427 1884 1503 1926 καὶ
1545 1882 1888 1938 κεκοσμημένος

178 1966 440 2018 εἰσελαύνει,
503 1969 692 2019 πολλαῖς
754 1967 973 2020 συνωρίσι
1035 1965 1185 2021 φιλίας
1245 1964 1321 2006 καὶ
1382 1960 1636 2012 κοινωνίας,
1673 1961 1755 2012 οὐχ
1781 1960 1885 2000 οἵαν

178 2043 426 2098 Εὐριπίδης
458 2044 608 2099 φησὶν·
675 2044 866 2096 ,,αἰδοῦς
887 2043 1228 2097 ἀχαλκεύτοισιν
1260 2041 1465 2090 ἔζευκται
1493 2038 1680 2089 πέδαιςίι
1703 2037 1888 2093 ψυχρὰν

178 2119 315 2173 οὗτός
354 2136 409 2175 γε
448 2122 524 2163 καὶ
558 2124 750 2180 βαρεῖαν
781 2124 832 2164 ἐν
863 2121 994 2175 χρείᾳ
1024 2120 1283 2177 περιβαλὼν
1313 2118 1382 2160 ὑπ’
1417 2116 1635 2169 αἰσχύνης
1666 2115 1885 2168 ἀνάγκην,

179 2194 278 2240 ἀλλ’
307 2198 394 2240 ὑπὸ
425 2202 594 2252 πτεροῦ
627 2200 886 2255 φερομένης
918 2199 987 2241 ἐπὶ
1027 2199 1082 2240 τὰ
1113 2198 1330 2239 κάλλιστα
1370 2197 1461 2236 τῶν
1493 2193 1638 2235 ὄντων
1667 2192 1742 2234 καὶ
1773 2191 1888 2233 θειό-

177 2289 291 2329 τερα
320 2276 422 2329 περὶ
466 2275 530 2318 ὧν
572 2277 749 2331 ἑτέροις
795 2277 968 2331 εἴρηται
1017 2276 1201 2334 βέλτιον.
1267 2276 1543 2315 Summorum
1575 2273 1708 2325 igitur
1755 2277 1887 2323 atque

179 2355 599 2406 sapientissimorum
647 2357 923 2396 Graecorum
979 2355 1188 2394 iudicium
1246 2358 1398 2393 contra
1445 2350 1666 2402 Euripidis
1714 2355 1887 2388 senten-

179 2433 283 2473 tiam
329 2434 564 2485 protulisse
612 2435 897 2474 Plutarchum
954 2434 1085 2485 plane
1144 2436 1340 2483 apparet.
1418 2428 1619 2480 Denique
1674 2427 1889 2466 refutatur

179 2510 412 2562 Euripides
453 2511 497 2550 in
528 2512 640 2550 libro
682 2512 765 2560 „de
798 2512 968 2551 animae
1002 2509 1310 2562 procreatione
1353 2507 1397 2545 in
1440 2506 1649 2544 Timaeo“
1683 2517 1778 2555 cap.
1811 2512 1884 2552 27:

176 2585 424 2639 Εὐριπίδης
456 2585 497 2627 δ’
531 2588 617 2628 οὐκ
647 2588 806 2640 ὀρθῶς
852 2586 949 2628 ἀντὶ
995 2587 1076 2627 τοῦ
1124 2584 1450 2639 συμπλεκτικοῦ
1496 2582 1557 2636 τῷ
1590 2580 1885 2634 διαζεοστικῷ

178 2663 401 2718 κέχρηται·
437 2663 591 2716 ,,Ζεύς,
624 2664 700 2705 εἴτ’
733 2665 911 2718 ἀνάγκη
944 2663 1140 2718 φύσεως,
1183 2662 1271 2703 εἴτε
1301 2662 1414 2712 νοῦς
1447 2660 1652 2717 βροτῶνίζ
1684 2657 1760 2699 καὶ
1790 2657 1884 2710 γὰρ

177 2741 357 2795 ἀνάγκη
387 2741 463 2783 καὶ
492 2743 605 2793 νοῦς
635 2742 755 2783 ἐστιν
786 2743 813 2795 ή
845 2740 1070 2795 διήκουσα
1100 2739 1176 2781 διὰ
1205 2739 1386 2780 πάντων
1417 2736 1618 2791 δύναμις.

320 2841 380 2880 At
411 2813 596 2878 forfasse
637 2840 796 2879 dixerit
828 2839 995 2890 aliquis,
1038 2851 1063 2877 a
1095 2837 1330 2876 Plutarcho
1370 2834 1666 2886 compluribus
1708 2833 1794 2881 vel,
1838 2836 1887 2870 ut

178 2917 324 2969 potius
356 2918 511 2966 dicam,
534 2917 679 2956 multis
711 2917 819 2956 locis
850 2915 1105 2968 Euripidem
1138 2927 1236 2953 esse
1268 2913 1503 2953 laudatum.
1557 2911 1687 2962 Quod
1719 2922 1884 2963 negare

179 2995 320 3034 minus
352 3001 419 3035 est
450 2995 494 3034 in
526 2995 683 3034 animo.
738 2994 975 3047 Quaeritur
1007 2999 1166 3042 autem,
1202 2998 1345 3031 utrum
1377 2991 1471 3030 laus
1493 2988 1692 3042 Euripidi
1722 2988 1886 3028 tributa

1768 3084 1791 3119 2
