2144 3354
1006 195 1296 237 ...10-ω

294 327 392 379 plus
424 326 572 366 valeat
604 339 659 366 an
690 326 1071 378 reprehensiones,
1096 339 1203 378 quas
1229 326 1333 378 quin
1365 328 1540 380 saepius
1562 328 1848 378 inveniamus,
1872 342 2003 381 quam

294 404 460 453 laudes,
501 404 545 442 in
578 403 757 442 dubium
799 404 948 442 vocari
981 417 1067 442 non
1100 409 1257 455 potest.
1321 404 1474 456 Itaque
1515 406 1567 444 ex
1616 419 1663 445 re
1697 418 1795 445 esse
1829 406 2004 446 videtur

294 481 554 533 gravissima
595 481 725 530 dicta,
768 481 925 532 quibus
958 481 1177 532 Euripidis
1211 481 1457 520 sententiae
1489 483 1741 532 probantur,
1784 483 2003 523 subtiliter

296 559 565 610 perspicere.

437 654 661 693 Laudatur
694 653 927 704 Euripides
960 653 1003 691 in
1037 653 1127 692 vita
1159 653 1308 692 Sullae
1343 665 1439 704 cap.
1474 665 1501 703 4
1532 653 1599 692 his
1632 654 1802 694 verbis:
1832 649 1890 694 ‘H
1921 652 2002 709 μὲν

296 729 380 770 οὖν
412 729 558 782 ἔχθρα
598 744 658 773 sc.
692 728 876 781 Μαρίου
917 728 992 769 καὶ
1025 728 1182 769 Σύλλα
1216 762 1223 769 .
1261 762 1267 769 .
1305 762 1312 769 .
1349 762 1357 769 .
1402 728 1611 779 ἀπέδειξε
1639 728 1722 770 ,τὸν
1752 730 2000 784 Εὐριπίδην

292 806 443 861 σοφὸν
474 806 628 859 ἄνδρα
658 806 734 848 καὶ
765 807 1000 848 πολιτικῶν
1043 804 1315 860 ἐπιστήμονα
1355 806 1624 861 νοσημάτων
1656 805 1998 863 διακελευσάμε-

291 899 374 926 νον
413 884 717 939 φυλάττεσθαι
762 882 842 937 τὴν
889 883 1136 938 φιλοτιμίαν
1183 883 1247 935 ὡς
1293 884 1628 937 ὀλεθριωτάτην
1668 883 1743 925 καὶ
1783 883 2000 939 κακίστην

292 961 487 1017 δαίμονα
518 965 614 1013 τοῖς
646 963 909 1016 χρωμένοις.

435 1060 545 1099 Cum
578 1064 724 1098 autem
747 1058 1009 1097 Plutarchus
1042 1057 1315 1109 impietatem
1348 1063 1479 1109 atque
1513 1059 1806 1110 arrogantiam
1831 1054 1999 1112 Euripi4

293 1137 358 1176 dis
377 1137 597 1188 corripiat,
631 1136 691 1175 nil
723 1135 891 1184 mirum,
925 1135 959 1173 si
993 1134 1238 1186 sapientem
1256 1135 1375 1173 illurn
1396 1135 1757 1187 reipublicaeque
1775 1135 1999 1190 gerendae

290 1214 602 1266 peritissimum
650 1213 784 1252 fuisse
832 1212 1037 1254 ostendit.
1124 1212 1193 1251 An
1242 1212 1612 1263 sapientissimum
1659 1225 1878 1264 quemque
1925 1214 1999 1252 ho-

289 1291 585 1330 nestissimum
627 1303 724 1329 esse
756 1290 959 1341 oportet?
1022 1289 1089 1328 Ac
1129 1295 1276 1328 tamen
1318 1289 1390 1328 ille
1433 1289 1487 1329 de
1530 1290 1752 1341 Euripide,
1798 1291 1997 1342 quamvis

292 1368 555 1418 ,,πολιτικῶν
587 1365 837 1421 ἐπιστήμων
867 1365 1164 1420 νοσημάτων(ί
1198 1367 1340 1416 fuerit,
1373 1366 1478 1406 dicit
1510 1367 1552 1428 in
1585 1367 1707 1416 libro,
1740 1381 1826 1420 quo
1845 1381 1998 1420 „prae-

292 1452 422 1498 cepta
467 1446 740 1498 reipublicae
790 1445 1042 1498 gerendae“
1093 1445 1394 1494 continentur,
1453 1458 1548 1496 cap.
1603 1447 1676 1487 18:
1711 1475 1719 1484 .
1754 1475 1762 1484 .
1796 1478 1805 1487 .
1860 1444 1888 1497 ἢ
1919 1443 1999 1486 τὸν

291 1522 539 1576 Εὐριπίδην
571 1522 934 1576 ἐπανορθωτέον,
969 1520 1144 1574 ᾄδοντα
1173 1521 1249 1563 καὶ
1297 1521 1503 1574 λέγοντα,
1539 1521 1603 1572 ὡς
1647 1521 1814 1574 ,,Εἴπερ
1861 1521 1999 1575 ὰγρυὲ

287 1604 412 1643 πνεῖν
472 1599 558 1654 χρὴ
618 1600 694 1642 καὶ
726 1602 888 1656 φοιτᾶν
928 1599 992 1641 ἐπ’
1026 1598 1169 1653 αὐλὴν
1215 1599 1377 1652 ἑτέρου
1408 1598 1484 1641 καὶ
1510 1599 1785 1657 ,ὑποβάλλειν
1830 1598 1996 1640 ἑαυτὸν

291 1679 533 1734 ἡγεμονικῇ
578 1678 809 1732 συνηθείᾳ,
851 1676 1074 1730 πατρίδος
1112 1677 1215 1730 πέρι
1255 1678 1497 1719 κάλλιστον
1537 1676 1606 1718 ἐπὶ
1649 1678 1790 1718 ταῦτα
1820 1679 1995 1729 χωρεῖν,

287 1757 343 1798 τὰ
375 1756 415 1798 δ’
448 1757 565 1798 ἄλλα
595 1756 678 1808 τὰς
710 1755 779 1798 ἐπὶ
810 1758 906 1807 τοῖς
935 1755 1054 1806 ἴσοις
1084 1754 1159 1796 καὶ
1192 1753 1384 1806 δικαίοις
1415 1753 1566 1809 φιλίας
1606 1753 1892 1802 ἀσπάζεσθαι
1921 1753 1998 1796 καὶ

288 1833 478 1876 διώκειν.

431 1932 750 1984 Corrigendum
798 1931 931 1983 igitur
989 1943 1086 1970 esse
1143 1929 1406 1982 prudentem
1451 1930 1573 1969 illum
1620 1929 1875 1981 Euripidem
1920 1929 1998 1969 eti-

289 2023 357 2048 am
390 2010 432 2048 in
466 2010 517 2047 iis
550 2010 695 2058 rebus,
731 2022 844 2060 quae
878 2009 933 2047 ad
967 2009 1284 2060 rempublicam
1317 2007 1702 2047 administrandam
1734 2007 1996 2058 pertineant,

288 2088 548 2127 Plutarchus
590 2088 675 2127 hoc
716 2088 814 2127 loco
857 2087 1048 2126 dilucide
1091 2087 1297 2126 declarat.
1362 2087 1409 2125 In
1455 2086 1564 2125 libro
1608 2086 1692 2135 „de
1734 2085 1996 2124 educatione

286 2169 549 2217 puerorum“
595 2178 691 2217 cap.
735 2179 760 2218 9
802 2165 1052 2204 testimonio
1097 2165 1232 2203 utitur
1274 2165 1347 2203 ille
1395 2163 1614 2216 Euripidis
1646 2162 1886 2202 sententia:
1928 2159 1996 2201 Τὸ

285 2244 381 2292 τοῖς
426 2243 611 2292 πολλοῖς
659 2242 876 2294 ἀρέσκειν
922 2244 1017 2292 τοῖς
1064 2243 1230 2295 σοφοῖς
1278 2241 1400 2281 ἐστιν
1443 2238 1732 2292 ἀπαρέσκειν.
1778 2240 1997 2294 μαρτυρεῖ

287 2318 340 2360 δέ
371 2333 456 2374 μου
488 2320 549 2374 τῷ
581 2319 704 2374 λόγῳ
736 2319 811 2360 καὶ
842 2318 1089 2371 Εὐριπίδης
1119 2318 1279 2371 λέγων·
1315 2317 1435 2371 „aych
1455 2316 1496 2358 δ’
1515 2318 1730 2373 ἄκομψος
1761 2317 1827 2367 εἰς
1858 2314 1996 2368 ὄχλον

286 2396 448 2438 δοῦναι
477 2397 646 2450 λόγον“
679 2397 767 2438 κτὲ.
801 2411 1036 2450 rursusque
1070 2411 1166 2450 cap.
1206 2409 1279 2448 14:
1298 2395 1384 2448 ἔχω
1417 2394 1471 2437 δὲ
1502 2395 1712 2450 μάρτυρα
1741 2393 1904 2435 τούτου
1937 2417 1993 2423 —-

289 2490 349 2515 sc.
384 2475 449 2516 ὅτι
475 2476 530 2516 οὐ
562 2475 613 2516 τὸ
646 2476 775 2516 νικᾶν
807 2474 959 2529 μόνον,
995 2474 1111 2516 ἀλλὰ
1130 2474 1205 2515 καὶ
1224 2473 1276 2515 τὸ
1308 2474 1526 2526 ἡττᾶσθαι
1562 2472 1829 2514 ἐπίστασθαι
1849 2470 1994 2513 καλὸν
2043 2496 2045 2504 ¹

287 2553 337 2593 έν
370 2551 440 2603 οῖς
483 2551 534 2593 τὸ
566 2554 696 2593 νικᾶν
730 2551 960 2609 βλαβερόν
1003 2577 1057 2581 ——
1101 2550 1348 2604 Εὐριπίδην
1387 2550 1467 2592 τὸν
1499 2549 1650 2605 σοφὸν
1681 2549 1995 2603 ἐπαγαγέσθαι

285 2624 482 2676 λέγοντα
535 2623 707 2674 ·,,δυοῖν
747 2623 995 2676 λεγόντων,
1039 2624 1239 2675 θατέρου
1271 2622 1556 2678 θυμουμένου
1589 2622 1615 2663 ὁ
1652 2620 1708 2677 μὴ
1739 2619 1994 2663 ἀντιτείνων

294 2704 386 2752 τοῖς
416 2701 573 2754 λόγοις
606 2700 919 2756 σοφώτεροςιί,
964 2703 1154 2754 denique
1197 2715 1291 2754 cap.
1338 2711 1409 2751 15:
1451 2701 1688 2753 Μαρτυρεῖ
1728 2697 1782 2740 δὲ
1816 2697 1992 2750 τούτοις

286 2778 535 2832 Εὐριπίδης
567 2779 684 2819 οὕτω
717 2779 865 2831 λέγων
900 2776 1054 2828 ·,,ἀλλ’
1084 2777 1178 2819 ἔστι
1203 2777 1259 2830 δή
1283 2792 1348 2829 τις
1368 2779 1510 2829 ἄλλος
1543 2779 1594 2819 έν
1626 2779 1810 2835 βροτοῖς
1841 2775 1992 2829 ἔρωςιι

283 2856 374 2900 κτὲ.
398 2859 523 2909 Quae
544 2858 687 2897 omnia
704 2857 980 2909 prudentiam
999 2863 1167 2897 tantum
1184 2862 1344 2909 poetae
1363 2857 1661 2896 demonstrare
1680 2856 1776 2908 quis
1793 2854 1991 2908 ignoret?

286 2935 488 2974 Affirmat
522 2935 637 2974 enim
670 2935 756 2983 ille,
791 2935 826 2973 si
859 2941 981 2974 recte
1015 2935 1125 2984 dico,
1159 2935 1409 2987 opinionem
1442 2935 1497 2974 de
1530 2934 1745 2986 sapientia
1770 2932 1990 2984 Euripidis

285 3012 328 3051 in
361 3013 450 3052 vita
483 3013 631 3052 Sullae
664 3013 1005 3052 demonstratam
1039 3013 1105 3052 his
1138 3013 1339 3052 omnibus
1370 3012 1492 3055 locis.
