2144 3354
328 329 471 381 Quam
494 329 607 368 male
630 333 778 368 autem
800 327 994 372 omnino
1016 327 1074 370 (le
1095 327 1356 382 tragoediis
1384 329 1700 369 existimaverit
1722 330 1889 369 Plutar-

186 407 307 456 chus,
341 406 472 446 facile
505 410 572 445 est
602 405 831 446 intellectu
849 418 902 445 ex
935 419 1001 456 eo,
1028 406 1145 458 quod
1171 406 1480 446 adulescentes
1506 407 1672 446 monuit
1704 407 1747 446 in
1779 407 1890 447 libro

185 484 267 534 „de
313 483 456 535 poetis
502 482 757 522 audiendis“
805 496 901 535 cap.
935 485 974 533 8,
1021 496 1078 523 ne
1118 483 1174 523 ad
1217 497 1378 535 pravos
1425 497 1567 523 mores
1614 484 1889 529 inclinarent,

185 560 458 600 sermonibus
489 560 790 611 probabilibus
811 560 1136 613 tragoediarum
1169 560 1366 600 adducti:
1403 593 1412 603 .
1447 593 1456 604 .
1491 593 1500 603 .
1534 594 1544 604 .
1577 560 1662 601 οὐκ
1693 560 1892 614 ἐάσομεν

184 635 341 691 φορὰν
369 635 489 688 πρὸς
529 635 585 677 τὰ
617 637 771 690 φαῦλα
799 635 1038 690 γίγνεσθαι
1067 638 1158 678 τῶν
1197 637 1335 690 ἠθῶν,
1378 636 1495 678 ἀλλὰ
1525 638 1614 678 τῶν
1650 637 1890 694 βελτιόνων

185 713 324 767 ζῆλον
354 712 430 755 καὶ
459 712 742 766 προαίρεσιν,
776 712 916 765 εὐθὺς
946 717 1040 765 τοῖς
1062 712 1142 769 μὲν
1162 713 1214 755 τὸ
1236 713 1408 770 ψέγειν,
1431 717 1526 765 τοίς
1547 713 1601 755 δὲ
1622 714 1673 755 τὸ
1696 715 1891 756 ἐπαινεῖν

186 789 498 842 ἀποδιδόντες.
564 790 588 847 [z
607 792 762 832 Verbis
794 793 899 835 illis:
924 790 1092 843 ,,εὐθὺς
1122 794 1216 842 τοῖς
1248 790 1328 846 μὲν
1358 790 1410 832 τὸ
1431 791 1602 847 ψέγειν,
1636 794 1730 843 τοῖς
1753 790 1806 833 δὲ
1836 791 1888 833 τὸ

186 869 382 910 ἐπαινεῖν
413 867 740 919 ὰποδιδόντες“
773 871 903 921 plane
927 870 1154 910 confessus
1182 876 1249 909 est
1273 870 1473 922 scriptor,
1497 870 1714 922 quomodo
1737 875 1892 922 poetas

187 958 427 998 eorumque
461 959 596 998 opera
627 929 917 1001 tractasset]
971 945 1162 1000 μάλιστα
1193 944 1247 986 δὲ
1277 947 1411 987 τοῦτο
1442 949 1583 987 ποιεῖν
1614 946 1683 988 δεῖ
1714 948 1765 987 ἐν
1795 949 1893 997 ταῖς

183 1021 483 1077 τραγῳδίαις,
533 1022 640 1063 ὅσαι
684 1021 856 1075 λόγους
902 1020 1058 1075 έχουσι
1102 1021 1324 1073 πιθανοὺς
1368 1022 1443 1064 καὶ
1489 1022 1786 1076 πανούργους
1840 1024 1891 1064 έν

185 1100 404 1152 πράξεσιν
450 1098 638 1150 ἀδόξοις
679 1098 754 1140 καὶ
795 1101 1031 1152 πονηραῖς.
1095 1100 1166 1140 Ad
1213 1113 1355 1140 mores
1403 1101 1536 1153 igitur
1583 1101 1889 1153 depravandos

187 1185 232 1218 et
279 1178 623 1230 corrumpendos
671 1178 918 1230 aptissimas
961 1191 1060 1218 esse
1108 1184 1260 1218 censet
1308 1179 1569 1218 Plutarchus
1626 1179 1891 1231 tragoedias,

187 1256 269 1295 nisi
297 1269 323 1295 a
347 1255 567 1308 magistris
593 1255 931 1295 commonefacti
949 1255 1258 1295 adulescentes
1280 1269 1306 1295 a
1323 1256 1469 1295 verbis
1489 1262 1674 1295 caveant
1692 1257 1892 1308 turpibus

186 1333 315 1373 factis
347 1333 702 1375 accommodatis.
736 1333 871 1372 Cuius
903 1333 1009 1372 dicti
1042 1333 1255 1385 exemplis
1288 1333 1423 1372 utitur
1455 1333 1641 1385 scriptor
1673 1333 1892 1385 Euripidis

186 1411 506 1463 Sophoclisque
540 1411 782 1459 sententiis,
817 1423 924 1462 quas
957 1411 1042 1450 iam
1075 1423 1207 1463 supra
1239 1411 1692 1453 commemoravimus.
1739 1411 1894 1450 Mirum

186 1501 317 1536 vero,
361 1501 491 1540 quam
533 1487 708 1527 diversa
748 1501 827 1527 nos
874 1488 1114 1527 sentiamus
1161 1487 1217 1527 de
1261 1488 1439 1540 antiqua
1480 1488 1720 1540 tragoedia,
1764 1502 1894 1540 quam

186 1567 462 1619 disciplinam
518 1567 736 1619 quandam
793 1572 837 1606 et
892 1580 1060 1606 morum
1117 1572 1161 1605 et
1219 1566 1385 1619 ingenii
1431 1579 1529 1606 esse
1577 1565 1694 1605 haud
1741 1566 1891 1618 inepte

187 1644 470 1684 arbitramur!

326 1721 515 1762 Maxime
556 1727 703 1761 autem
745 1726 1037 1761 extenuantur
1077 1721 1230 1760 laudes
1271 1720 1527 1773 tragoediae
1574 1720 1617 1759 in
1659 1720 1768 1760 libro
1809 1721 1893 1770 „de

184 1799 324 1852 gloria
349 1799 713 1839 Atheniensium“
732 1812 830 1851 cap.
854 1807 892 1848 5.
927 1799 1038 1838 Cum
1070 1799 1186 1839 enim
1217 1811 1296 1838 nos
1329 1798 1494 1850 optimo
1527 1797 1620 1837 iure
1664 1802 1894 1836 teneamus

184 1876 520 1916 Atheniensium
547 1877 730 1929 gloriam
755 1890 842 1916 non
869 1878 1009 1916 solum
1038 1889 1118 1927 per
1143 1876 1342 1915 homines
1369 1875 1641 1927 reipublicae
1669 1875 1893 1927 gerendae

182 1953 482 2006 peritissimos,
514 1967 595 2005 per
626 1954 876 2006 praeclaros
909 1954 1058 2001 duceS‚
1093 1954 1298 2005 egregios
1330 1958 1538 2000 oratores,
1573 1952 1764 1991 artifices
1796 1965 1892 2004 per-

185 2021 447 2070 fectissimos
477 2043 574 2070 esse
602 2037 788 2080 auctam,
817 2031 895 2070 sed
921 2031 1053 2070 etiam
1081 2031 1276 2082 inprimis
1304 2044 1403 2070 cum
1430 2043 1510 2082 per
1537 2029 1890 2081 Aristophanem,

186 2122 399 2148 summum
426 2109 751 2148 comoediarum
776 2108 1047 2160 scriptorem,
1074 2114 1166 2148 tum
1192 2121 1273 2160 per
1299 2108 1444 2147 sidera
1475 2107 1548 2146 illa
1583 2106 1741 2155 lucida,
1776 2120 1890 2158 quae

187 2185 537 2237 splendidissime
579 2187 740 2225 micant
780 2186 823 2224 in
866 2186 990 2225 coelo
1023 2191 1234 2237 poeseos:
1297 2185 1579 2236 Aeschylum,
1613 2184 1892 2235 Sophoclem,

175 2262 454 2314 Euripidem,
510 2263 642 2315 longe
690 2263 816 2302 aliter
861 2263 1024 2302 iudicat
1074 2263 1346 2310 Plutarchus,
1405 2261 1478 2313 qui
1534 2262 1646 2300 haec
1694 2259 1892 2311 scripsit:

185 2333 401 2391 ”Ηνθησε
442 2337 496 2380 δὲ
536 2339 563 2392 ή
603 2338 841 2394 τραγῳδία
879 2338 955 2380 καὶ
996 2337 1226 2396 διεβοήθη,
1273 2336 1539 2392 θαυμαστὸν
1570 2335 1787 2391 ἀκρόαμα
1816 2335 1891 2377 καὶ

188 2415 339 2470 θέαμα
379 2416 469 2457 τῶν
507 2415 595 2457 τότ’
630 2415 887 2469 ἀνθρώπων
917 2416 1152 2471 γενομένη.
1217 2417 1387 2468 Quibus
1420 2416 1567 2455 verbis
1600 2416 1788 2454 obscure
1820 2415 1893 2453 ille

189 2494 420 2546 profitetur
476 2495 564 2534 suis
603 2495 875 2547 temporibus
919 2494 1118 2534 Graecos
1159 2493 1412 2546 tragoedias
1460 2492 1664 2532 admirari
1696 2491 1893 2534 desiisse.

191 2571 431 2611 Utilitatem
464 2585 569 2611 vero
601 2572 852 2624 tragoedias
885 2572 1054 2611 civitati
1072 2571 1408 2611 Atheniensium
1434 2570 1692 2622 praebuisse
1717 2582 1895 2621 prorsus

191 2654 327 2701 negat
372 2648 549 2688 dicens:
581 2647 696 2689 Τίνα
727 2647 812 2689 οὖν
843 2648 889 2689 αἱ
919 2646 1054 2689 καλαὶ
1085 2646 1336 2702 τραγῳδίαι
1366 2649 1464 2698 ταῖς
1498 2644 1717 2699 Ἀθήναις
1737 2644 1895 2699 ὄνησιν

189 2722 408 2778 ἤνεγκαν;
443 2731 598 2778 postea
630 2732 940 2766 enumerantur
972 2726 1137 2778 aliquot
1168 2726 1249 2766 viri
1281 2726 1399 2777 iique
1437 2724 1787 2776 praeclarissimi,
1821 2724 1895 2776 qui

191 2803 246 2844 de
278 2803 622 2843 Atheniensibus
653 2805 768 2843 bene
801 2810 901 2844 sunt
932 2804 1098 2846 meriti:
1148 2803 1492 2851 Themistocles,
1528 2802 1735 2851 Pericles,
1768 2801 1894 2840 Milti-

192 2879 310 2930 ades,
344 2881 511 2922 Cimon.

332 2956 385 2997 Εἰ
426 2956 573 3005 οὕτως
621 2956 648 3010 ἡ
690 2955 937 3008 Εὐριπίδου
978 2949 1120 3010 σοφία
1159 2955 1235 2997 καὶ
1274 2955 1302 3008 ἡ
1344 2955 1646 3009 Σοφοκλέους
1685 2953 1895 3009 λογιότης

191 3032 267 3075 καὶ
311 3033 363 3075 τὸ
404 3033 634 3087 Αἰσχύλου
682 3033 826 3089 στόμα
872 3034 1044 3075 τιτῶν
1086 3032 1324 3086 δυσχερῶν
1364 3031 1630 3086 ἀπήλλαξεν,
1680 3031 1705 3086 ἤ
1738 3046 1774 3073 τι
1806 3033 1895 3073 τῶν

1778 3116 1800 3151 3
