2144 3354
441 516 665 555 Plutarchi
698 529 846 568 opera,
891 530 1156 568 quamquam
1200 530 1224 556 a
1265 517 1412 556 multis
1445 523 1577 570 atque
1610 519 1872 560 doctissimis
1906 521 2009 560 viris

298 594 421 645 quasi
469 607 568 633 curn
615 594 861 646 pulvisculo
907 595 1120 634 exhausta
1168 607 1265 633 esse
1313 595 1538 645 videntur,
1587 602 1735 637 tamen
1790 599 2009 651 attingere

296 671 515 720 constitui,
550 677 598 711 ut
630 672 681 710 iis
713 672 822 711 locis
845 672 1139 723 pertractatis,
1163 673 1321 724 quibus
1346 674 1607 713 Plutarchus
1629 675 1801 715 iudiciis
1833 677 2008 716 insertis
2055 723 2069 732 ·

295 753 452 801 poetas
485 750 714 789 scaenicos
746 750 945 789 Graecos
979 762 1079 788 cum
1110 750 1240 789 laude
1275 756 1349 790 aut
1383 764 1483 790 cum
1514 753 1859 804 reprehensione
1893 768 2009 794 com-

297 827 555 866 memoravit
597 840 836 879 eorumque
877 827 1118 866 sententias
1160 829 1465 879 comprobavit
1512 835 1586 869 aut
1626 831 1848 880 refutavit,
1903 831 2010 884 quid

295 904 469 942 omnino
516 904 777 944 Plutarchus
812 905 867 944 de
912 905 995 943 illis
1038 905 1183 956 poetis
1227 906 1427 956 senserit,
1471 907 1602 947 facile
1651 905 2007 961 cognosceretur.

295 983 408 1021 Nam
459 972 528 1021 ut⁴
558 982 632 1021 ine
694 982 737 1021 in
797 983 946 1021 libello
1009 983 1093 1031 „de
1145 983 1289 1034 poetis
1342 983 1600 1025 audiendis“
1655 1000 1752 1038 cap.
1813 997 1863 1026 10
1919 987 2010 1030 ait:

296 1056 452 1110 ὥσπερ
499 1059 549 1099 ἐν
596 1059 796 1113 ἀμπέλου
855 1058 1041 1113 φύλλοις
1095 1058 1171 1100 καὶ
1219 1058 1441 1114 κλήμασιν
1500 1059 1748 1101 εὐθαλοῦσι
1793 1060 2010 1111 πολλάκις

294 1136 320 1176 ὁ
352 1135 532 1188 καρπὸς
564 1135 895 1188 ἀποκρύπτεται
926 1136 1001 1178 καὶ
1033 1137 1249 1178 λανθάνει
1279 1137 1711 1192 κατασκιαζόμενος,
1747 1140 1808 1178 ita
1833 1139 2008 1179 iudiciis

295 1220 340 1254 et
370 1215 552 1267 singulis
587 1215 687 1254 vitis
721 1222 765 1254 et
797 1216 979 1267 singulis
1012 1216 1186 1267 scriptis
1209 1217 1445 1255 moralibus
1468 1216 1670 1255 admixtis
1693 1217 1918 1257 Plutarchi
1951 1201 2007 1256 de

294 1293 438 1343 poetis
480 1293 627 1345 opinio
670 1300 797 1345 parta
838 1295 964 1333 nobis
1011 1301 1235 1346 tamquam
1283 1295 1527 1347 obtegitur3
1579 1301 1623 1335 at
1664 1297 1862 1336 collectis
1895 1297 2009 1336 illius

294 1370 422 1409 dictis
464 1371 665 1423 interque
708 1385 755 1411 se
797 1372 1061 1423 comparatis
1104 1378 1236 1424 atque
1278 1373 1321 1411 in
1363 1387 1497 1412 unum
1541 1373 1596 1412 de
1638 1374 1821 1426 singulis
1865 1374 2007 1425 poetis

294 1448 503 1487 iudicium
546 1450 800 1501 compositis
842 1455 1073 1501 poetarum
1115 1450 1239 1502 quasi
1283 1451 1498 1502 imagines
1530 1451 1722 1490 illustres
1755 1457 1828 1490 aut
1861 1452 2010 1491 tristes

300 1526 613 1577 exprimentur.

439 1629 717 1680 Quamquam
760 1629 864 1680 quid
902 1629 1088 1680 loquor?
1151 1630 1308 1669 Nonne
1351 1630 1680 1679 Volkmannius,
1729 1631 1884 1670 doctus
1933 1631 2006 1670 ille

240 1707 245 1711 ’
296 1711 428 1757 atque
470 1706 735 1757 intellegens
778 1706 1004 1745 Plutarchi
1045 1706 1328 1756 existimator,
1362 1707 1518 1759 grandi
1559 1708 1669 1747 libro
1708 1708 2011 1760 copiosissime

296 1783 428 1822 etiam
462 1783 516 1822 de
550 1783 623 1822 illa
655 1790 781 1835 parte
806 1783 1030 1822 Plutarchi
1055 1783 1377 1836 philosophiae,
1401 1797 1514 1837 quae
1540 1785 1594 1824 ad
1616 1790 1772 1837 poetas
1805 1785 2010 1837 pertinet,

296 1861 530 1900 disseruit?
575 1874 718 1900 nonne
752 1861 1035 1900 Plutarchum
1077 1861 1120 1900 in
1152 1865 1379 1913 poetarum
1421 1863 1629 1914 operibus
1662 1863 2010 1902 versatissimum
2066 1863 2068 1865 ’
2109 1889 2114 1896 -

296 1939 432 1977 fuisse
466 1938 657 1977 dilucide
692 1938 976 1989 explanavit?

438 2039 573 2091 Atqui
621 2039 774 2090 paucis
834 2040 977 2078 verbis
1034 2039 1152 2078 illam
1199 2045 1370 2091 partem
1419 2040 1734 2079 Volkmannius
1787 2040 2006 2092 percurrit

297 2117 522 2156 Plutarchi
555 2117 610 2156 de
642 2117 785 2168 po'etis
818 2117 1023 2168 opinione
1057 2118 1113 2156 ad
1144 2122 1280 2156 totam
1313 2117 1440 2166 illius,
1465 2118 1537 2169 qui
1567 2118 1796 2157 Platonem
1829 2123 2008 2157 secutus

298 2200 404 2243 erat,
427 2195 751 2246 philosophiam
775 2195 946 2236 collata.
1002 2194 1091 2234 Sed
1124 2194 1178 2233 de
1211 2195 1354 2246 poetis
1387 2195 1602 2235 scaenicis
1625 2195 1731 2247 ipsis
1755 2201 1799 2234 et
1829 2195 2010 2248 tragicis

298 2278 342 2311 et
384 2272 563 2315 comicis
605 2273 740 2311 multa
785 2285 925 2324 eaque
968 2272 1230 2324 gravissima
1271 2272 1389 2312 dicta
1431 2285 1485 2311 ex
1518 2273 1704 2312 diversis
1738 2273 1926 2325 scriptis,
1966 2273 2010 2312 in

298 2362 411 2401 quae
445 2350 666 2401 inquirere
690 2350 1005 2389 Volkmannius
1039 2349 1195 2398 omisit,
1225 2350 1435 2402 colligere
1468 2351 1584 2390 licet.
1639 2351 1789 2402 Quare
1822 2350 1858 2388 si
1890 2349 2008 2398 mihi,

297 2433 530 2478 postquam
573 2427 802 2479 egregium
844 2427 964 2466 illum
998 2428 1275 2466 Volkmannii
1317 2428 1488 2477 librum,
1529 2441 1614 2479 quo
1648 2427 1874 2466 Plutarchi
1905 2416 2012 2475 vita,¹
2042 2447 2045 2449 ·
2077 2410 2079 2415 ,
2117 2419 2139 2426 ’Ἰ

298 2505 475 2556 scripta,
524 2505 803 2556 philosophia
851 2505 1142 2554 continentur,
1193 2506 1400 2557 supplere
1450 2511 1632 2545 conatus
1665 2519 1774 2554 sum,
1822 2505 2010 2544 fortasse

298 2582 547 2635 contigerit,
582 2589 629 2621 ut
660 2583 890 2622 scientiam
922 2596 1105 2634 operum
1137 2583 1362 2634 scriptoris
1396 2597 1596 2636 augeam,
1642 2588 1813 2622 tantum
1844 2582 2006 2622 laboris

302 2660 553 2712 suscepisse
586 2674 656 2700 me
689 2660 807 2700 haud
839 2661 1022 2713 pigebit.
