2144 3354
188 390 375 426 ,secutus
414 383 482 434 sit,
524 385 638 424 haec
683 385 913 436 proferens
959 383 1003 424 in
1052 397 1148 436 cap.
1202 393 1272 433 13:
1336 378 1438 423 '‘Av
1483 378 1537 423 δὲ
1583 378 1793 436 φαίνηταί
1837 394 1902 433 τις

193 455 449 517 ἐπιλήψεως
480 460 714 516 δεόμενος,
735 462 825 502 τῶν
843 460 1174 516 ἁμαρτημάτων
1192 459 1267 502 καὶ
1286 460 1376 501 τῶν
1400 460 1560 501 παθῶν
1580 459 1898 517 ἐπιλαμβάνου.

194 540 494 581 Acerbissime
514 545 662 580 autem
695 540 874 592 corripit
897 540 1159 580 Plutarchus
1189 544 1367 591 poetam
1399 539 1442 578 in
1475 538 1782 578 dissertatione
1816 538 1900 587 „de

194 618 397 658 fortuna“
429 631 526 670 cap.
563 629 610 657 2:
647 649 655 657 .
690 648 699 657 .
734 649 742 657 .
776 616 1002 670 ἐλήρησεν
1046 615 1182 657 εἰπὼν
1222 615 1248 656 ὁ
1281 615 1542 669 Σοφοκλῆς,
1585 614 1652 655 ὅτι
1693 616 1810 665 ,,πᾶν
1848 613 1901 655 τὸ

192 693 468 749 ζητούμενον
509 694 698 745 ἁλωτόν,
743 693 955 748 ἐκφεύγει
994 693 1048 735 δὲ
1078 692 1440 749 τὰμελούμενον“
1483 692 1559 734 καὶ
1590 693 1722 734 πάλιν
1753 691 1812 734 αὖ
1843 692 1900 733 τὰ

191 770 435 826 πράγματα
466 770 682 824 διαιρῶν·
717 772 800 822 ,,τὰ
832 772 912 827 μὲν
943 771 1135 813 διδακτὰ
1166 771 1394 826 μανθάνω,
1426 770 1483 811 τὰ
1514 769 1554 811 δ’
1572 770 1739 822 εὑρετὰ
1768 769 1898 822 ζητῶ,

190 848 249 890 τὰ
280 847 321 890 δ’
356 849 494 891 εὐκτὰ
522 850 650 902 παρὰ
679 851 801 891 θεῶν
831 850 1104 904 ῄτησάμην“.
1167 848 1207 890 τί
1233 849 1326 902 γὰρ
1359 847 1550 901 εὑρετὸν
1581 847 1609 900 ῆ
1639 846 1679 888 τί
1698 845 1899 902 μαθητόν

192 926 314 967 ἐστιν
344 926 619 980 ἀνθρώποις,
652 928 691 968 εἰ
720 927 866 969 πάντα
896 926 1153 979 περαίνεται
1193 926 1310 968 κατὰ
1348 925 1503 979 τύχην;
1553 927 1612 966 Ut
1653 926 1786 979 igitur
1827 926 1900 965 ille

192 1005 447 1057 Euripidem
488 1006 699 1046 stultitiae
742 1012 923 1045 accusat
955 1006 990 1060 [z
1010 1006 1064 1045 de
1106 1019 1204 1045 sera
1236 1005 1424 1044 numinis
1450 1004 1646 1044 vindicta
1678 1016 1773 1055 cap.
1809 1013 1832 1043 2
1852 1003 1899 1056 :]‚

192 1082 254 1122 ita
285 1083 551 1135 Sophoclem
583 1085 655 1123 vel
687 1084 936 1124 dementiae
979 1084 1136 1137 arguit.
1189 1083 1432 1135 Corrigitur
1464 1083 1624 1122 deinde
1657 1081 1902 1133 Sophocles

193 1161 236 1200 in
267 1161 377 1201 libro
411 1161 493 1211 „de
535 1161 714 1201 defectu
755 1163 1058 1202 oraculorum“
1091 1175 1187 1214 cap.
1227 1171 1271 1211 15
1303 1162 1371 1200 his
1403 1161 1571 1201 verbis:
1607 1192 1614 1199 .
1651 1192 1659 1199 .
1696 1191 1703 1199 .
1737 1156 1843 1199 οὔτε
1872 1156 1900 1197 ὁ

192 1237 496 1292 Σοφοκλέους
526 1232 770 1293 ’Ἄδμητος
803 1253 862 1280 sc.
895 1239 1053 1291 ὀρθῶς
1085 1238 1228 1280 εἶπεν·
1263 1238 1434 1293 ,,οὑμὸς
1466 1231 1508 1279 δ’
1526 1237 1732 1289 ἀλέκτωρ
1759 1233 1900 1276 αὐτὸν

191 1314 276 1369 ἦγε
304 1314 424 1368 πρὸς
455 1315 624 1371 μύλην“
657 1330 718 1360 sc,
750 1310 1021 1358 Ἀπόλλωνα
1053 1318 1331 1369 eundemque
1364 1317 1510 1356 omnia
1541 1315 1742 1356 mortalia
1773 1313 1900 1354 nimis

191 1393 449 1446 despexisse
468 1395 729 1434 Plutarchus
746 1395 977 1447 profitetur
994 1395 1037 1434 in
1054 1395 1164 1434 libro
1197 1395 1279 1445 „de
1302 1394 1548 1435 cohibenda
1574 1394 1665 1433 ira“
1698 1406 1795 1444 cap.
1829 1391 1900 1433 16:

191 1470 218 1511 ὁ
250 1468 304 1511 δὲ
334 1469 584 1525 Σοφοκλῆς
613 1471 761 1524 λέγων
791 1471 858 1512 ὅτι
891 1471 974 1521 ,,τὰ
1018 1472 1203 1513 πλεῖστα
1244 1472 1415 1526 φωρῶν
1455 1469 1625 1522 αἰσχρὰ
1665 1467 1901 1523 φωράσεις

193 1548 399 1604 βροτῶνιι
432 1549 554 1601 ἄγαν
585 1547 734 1590 ἔοικεν
765 1549 866 1604 ἡμῖν
898 1548 1179 1605 ἐπεμβαίνειν
1209 1548 1284 1591 καὶ
1316 1547 1538 1590 κολούειν.

333 1656 423 1697 Sed
454 1657 549 1709 pari
580 1658 709 1697 modo
754 1665 886 1711 atque
919 1659 1116 1710 Euripidi
1158 1659 1289 1698 etiam
1322 1657 1532 1710 Sophocli
1562 1656 1716 1696 laudes
1748 1653 1898 1694 tribuit

191 1736 452 1775 Plutarchus
485 1737 625 1789 magis
657 1737 743 1776 iam
776 1749 878 1776 cum
908 1736 992 1776 hoc
1024 1741 1153 1788 poeta
1186 1736 1466 1776 consentiens
1499 1736 1543 1774 in
1574 1734 1828 1787 praeceptis
1855 1739 1900 1773 et

183 1806 360 1853 morum
401 1819 445 1853 et
476 1814 713 1867 religionis.
776 1815 970 1854 Auctore
1004 1814 1180 1866 quidem
1222 1814 1356 1853 utitur
1389 1813 1650 1852 Plutarchus
1691 1816 1824 1863 poeta
1856 1811 1900 1850 in

193 1892 522 1943 comparatione
556 1893 749 1944 Lycurgi
796 1898 839 1932 et
881 1893 1052 1932 Numae
1094 1905 1189 1944 cap.
1224 1903 1269 1940 3:
1305 1922 1312 1930 .
1348 1922 1356 1930 .
1391 1921 1399 1930 .
1434 1888 1510 1931 καὶ
1551 1888 1818 1942 σαφέστατα
1847 1886 1899 1928 τὸ

188 1967 458 2022 γιγνόμενον
499 1968 654 2020 εἴρηκε
694 1968 943 2023 Σοφοκλῆς
985 1970 1036 2010 ἐν
1075 1968 1276 2020 τούτοις·
1322 1967 1425 2019 ,,καὶ
1465 1967 1549 2008 τὰν
1588 1966 1794 2019 νέορτον,
1839 1965 1898 2016 ἁς
1967 1961 1971 1963 ἡ

192 2038 253 2086 ἔτ’
295 2047 494 2097 ἄστολος
535 2045 694 2098 χιτώνιι
734 2046 823 2087 κτὲ.
867 2049 1190 2100 Comprobatur
1232 2047 1391 2087 deinde
1433 2047 1539 2086 illud
1577 2045 1897 2098 Sophocleum:

193 2122 391 2175 ,,Ταχεῐα
422 2122 558 2164 πειθὼ
590 2124 680 2164 τῶν
710 2125 866 2165 κακῶν
897 2123 1160 2177 ὁδοιπορεῖίζ
1203 2126 1247 2165 in
1289 2125 1380 2165 vita
1422 2125 1678 2164 Artaxerxis
1711 2137 1808 2175 cap.
1843 2125 1897 2163 28

192 2201 259 2240 his
291 2202 462 2241 verbis:
494 2200 714 2243 Καθόλου
747 2201 828 2256 μὲν
859 2202 943 2243 οὐν
973 2203 1086 2254 ἴσως
1116 2202 1168 2243 τὸ
1200 2201 1501 2256 Σοφόκλειον.
1537 2203 1789 2253 Rursusque
1810 2201 1898 2240 lau-

192 2278 319 2318 datur
366 2279 610 2331 Sophocles
658 2281 700 2319 in
747 2281 858 2320 libro
906 2281 988 2330 „de
1036 2281 1322 2334 garrulitate“
1370 2293 1468 2332 cap.
1519 2290 1566 2329 4:
1635 2278 1661 2317 ὁ
1694 2275 1774 2332 μὲν
1804 2277 1897 2330 γὰρ

192 2355 494 2409 Σοφοκλέους
523 2357 714 2409 Νέστωρ
747 2356 827 2398 τὸν
857 2357 1034 2398 Αἴαντα
1064 2356 1403 2412 τραχυνόμενον
1433 2357 1495 2411 τῷ
1525 2354 1649 2410 λόγῳ
1681 2353 1898 2407 πραΰνων

191 2431 359 2484 ἠθικῶς
374 2434 508 2474 τοῦτο
531 2434 726 2487 εἴρηκεν·
745 2435 829 2485 ,,οὑ
847 2434 1071 2490 μέμφομαί
1088 2444 1164 2476 σε·
1189 2433 1315 2487 δρῶν
1334 2434 1427 2487 γὰρ
1449 2432 1499 2474 εὖ
1519 2433 1676 2483 κακῶς
1694 2432 1894 2485 λέγεις“;

191 2511 351 2551 deinde
393 2512 436 2551 in
479 2512 589 2552 libro
623 2513 707 2562 „de
741 2514 982 2565 cupiditate
1015 2514 1293 2553 divitiarum“
1336 2526 1432 2564 cap.
1469 2520 1513 2561 5:
1560 2505 1616 2551 ‘O
1649 2509 1898 2564 Σοφοκλῆς

191 2586 449 2640 ἐρωτηθείς,
483 2589 522 2629 εἰ
552 2587 740 2630 δύναται
780 2588 957 2642 γυναικὶ
1007 2588 1292 2642 πλησιάζειν·
1349 2587 1584 2643 ,,εὺφήμει,
1636 2587 1894 2639 ἄνθρωπειί,

190 2664 313 2706 εἶπεν
345 2664 622 2718 ,,ἐλεύθερος
651 2666 837 2720 γέγονα,
871 2668 1124 2717 λυττῶντας
1154 2666 1229 2708 καὶ
1261 2665 1456 2718 ἀγρίους
1478 2663 1707 2715 δεσπότας
1738 2663 1814 2705 διὰ
1844 2662 1896 2704 τὸ

189 2745 340 2797 γῆρας
371 2742 664 2797 ἀποφυγώνίί,
708 2746 931 2798 Additque
974 2746 1256 2788 Plutarchus:
1318 2743 1492 2796 Χάριεν
1531 2742 1624 2795 γὰρ
1667 2742 1760 2797 ἅμα
1798 2744 1896 2793 ταῖς

190 2821 380 2875 ἡδοναῖς
411 2823 690 2863 συνεκλιπεῖν
719 2822 803 2874 τὰς
833 2822 1066 2877 ἐπιθυμίας
1096 2824 1185 2864 κτέ.
1250 2824 1348 2875 Quo
1397 2822 1514 2862 dicto
1547 2821 1614 2860 sui
1646 2826 1918 2881 compotem⁴

191 2905 323 2951 atque
363 2900 489 2940 bonis
521 2902 713 2940 moribus
745 2902 993 2953 praeditum
1024 2902 1158 2941 fuisse
1191 2901 1456 2953 Sophoclem
1488 2900 1561 2938 ille
1595 2899 1894 2938 demonstrare

190 2977 298 3017 vult.
360 2978 503 3017 Etiam
545 2979 588 3017 in
620 2985 777 3018 octavo
808 2980 918 3019 libro
952 2981 1134 3031 Quaest.
1169 2981 1320 3027 Conv.,
1369 2984 1537 3030 quaest.
1571 2991 1611 3031 9,
1654 2989 1750 3028 cap.
1782 2987 1806 3025 3
1840 2975 1894 3014 de

190 3054 256 3094 his
289 3056 434 3105 rebus,
467 3069 580 3108 quae
613 3069 711 3095 esse
744 3070 830 3096 non
863 3057 1113 3105 creduntur,
1148 3057 1248 3109 quia
1270 3063 1371 3096 ante
1404 3070 1490 3096 non
1516 3056 1690 3105 fuerint,
1716 3061 1894 3108 poetam
