2046 3282
471 649 812 729 Subsidio
865 648 1174 727 fuerunt
1223 648 1302 726 hi
1352 647 1552 727 libri:

299 887 521 927 Plutarchi
540 887 668 926 vitae.
702 886 954 927 Secundum
974 887 1151 926 codices
1175 888 1394 928 Parisinos
1416 889 1677 941 recognovit
1694 888 1861 928 Theod.

153 967 373 1006 Doehner.
449 966 626 1005 Graece
674 970 718 1004 et
766 965 934 1004 Latine.
1013 965 1229 1004 Volumen
1276 966 1463 1017 primum
1512 972 1556 1005 et
1605 966 1859 1006 secundum.

155 1043 344 1083 Parisiis.

296 1133 519 1172 Plutarchi
560 1132 884 1172 Chaeronensis
924 1132 1100 1184 Scripta
1141 1133 1332 1172 Moralia.
1396 1133 1572 1172 Graece
1615 1139 1659 1172 et
1693 1133 1860 1172 Latine.

154 1211 317 1251 Tomus
351 1211 530 1263 primus.
594 1210 785 1252 Parisiis.

294 1312 519 1352 Plutarchi
543 1313 719 1364 Scripta
741 1312 934 1354 Moralia.
998 1313 1062 1350 Ex
1095 1312 1334 1360 codicibus,
1361 1325 1469 1363 quos
1501 1311 1698 1363 possidet
1722 1284 1860 1364 Regia

153 1390 430 1430 Bibliotheca
462 1390 678 1430 Omnibus
712 1390 766 1428 ab
798 1387 1025 1429 KONTQI
1057 1402 1156 1428 cum
1190 1389 1424 1428 Reiskiana
1455 1389 1657 1429 Editione
1681 1389 1862 1428 Collatis

153 1467 406 1507 emendavit
453 1467 713 1506 Fredericus
767 1467 958 1506 Diibner.
1053 1467 1229 1506 Graece
1282 1472 1326 1506 et
1380 1466 1547 1508 Latine.
1642 1467 1860 1505 Volumen

154 1546 420 1586 Secundum.
485 1545 676 1587 Parisiis.

299 1635 464 1683 Leben,
488 1635 710 1674 Schriften
743 1634 830 1673 und
856 1634 1138 1685 Philosophie
1162 1634 1239 1673 des
1263 1634 1470 1673 Plutarch
1494 1647 1584 1675 von.
1602 1633 1862 1673 Chaeronea

155 1726 241 1752 von
274 1713 347 1751 Dr.
382 1711 572 1752 Richard
603 1712 860 1751 Volkmann.
924 1711 1086 1751 Berlin.
1126 1711 1249 1764 1869.

297 1813 520 1852 Plutarchi
543 1813 671 1851 Vitae
695 1813 951 1853 Parallelae.
990 1813 1151 1852 Iterum
1174 1813 1433 1865 recognovit
1455 1812 1637 1852 Carolus
1656 1812 1860 1852 Sintenis.

153 1891 247 1930 Vol.
282 1891 312 1939 Ι,
345 1891 397 1939 11,
431 1891 502 1938 III,
536 1891 608 1938 IV,
643 1890 693 1929 V.
759 1890 948 1941 Lipsiae.
1012 1891 1060 1929 In
1094 1890 1276 1929 aedibus
1309 1891 1356 1929 Β.
1392 1890 1446 1929 G.
1481 1890 1714 1929 Teu-bneri.

294 1992 517 2031 Plutarchi
549 1991 873 2030 Chaeronensis
897 1991 1078 2030 Moralia
1110 1990 1368 2042 recognovit
1399 1990 1643 2042 Gregorius
1676 1992 1727 2030 N.
1752 1992 1856 2029 Ber-

152 2068 368 2108 nardakis.
431 2069 525 2108 Vol.
560 2069 588 2117 Ι,
623 2069 673 2116 ΙΙ,
707 2068 779 2106 ΙΙΙ.
845 2068 1032 2120 Lipsiae.
1098 2069 1144 2107 In
1178 2067 1360 2107 aedibus
1393 2069 1440 2106 Β.
1475 2067 1531 2107 G.
1566 2068 1801 2107 Teubneri.

870 2413 940 2419 *κο
949 2411 1150 2422 *φανὴ*-
1168 2406 1175 2412 ”
