2144 3354
1044 216 1335 258 -24-

333 342 373 384 δ’
408 344 597 398 ἀμελῶν,
634 345 1047 389 additPlutarchus
1081 347 1305 397 cavillans,
1339 347 1414 388 καὶ
1446 348 1788 404 μεθυσκόμενος
1808 319 2135 415 tooautaggf'

331 414 484 471 πόλεις
516 419 605 462 εἷλε
635 420 711 462 καὶ
742 421 970 472 τοσαύτας
991 421 1122 473 νίκας
1153 422 1345 476 ἐνίκησε,
1370 423 1524 476 δῆλον,
1558 417 1624 466 ὅτι
1646 425 1875 480 νήφοντος
1895 427 2037 473 αὐτοῦ

331 497 406 539 καὶ
437 498 749 550 προσέχοντος
782 497 936 550 οὐδεὶς
967 500 1026 540 ἂν
1057 498 1162 541 οὔτε
1193 501 1281 541 τῶν
1317 500 1549 554 πρότερον
1580 501 1686 545 οὔτε
1715 504 1805 544 τῶν
1835 503 2036 557 ὕστερον

329 568 556 628 Ἑλλήνων
586 576 792 628 παρῆλθε
823 576 906 627 τὰς
937 577 1134 629 πράξεις.

473 1008 658 1059 Saepius
692 1008 952 1047 Plutarchus
985 1008 1266 1048 infestissime
1299 1008 1340 1047 in
1374 1007 1578 1051 comicos
1609 1007 1803 1052 omnino
1834 1008 2037 1050 invectus

330 1090 397 1124 est
429 1097 593 1136 eosque
635 1085 855 1124 variorum
896 1086 1099 1125 vitiorum
1141 1086 1370 1125 incusavit.
1434 1087 1481 1124 In
1514 1086 1697 1126 Periclis
1738 1086 1916 1139 quidem
1946 1087 2040 1127 vita
2102 1105 2108 1110 ·

330 1174 424 1213 cap.
464 1173 527 1212 13,
577 1176 675 1202 cum
723 1169 920 1202 narraret
954 1163 1166 1212 Phidiam,
1217 1170 1264 1202 ut
1305 1164 1421 1202 fama
1461 1163 1628 1212 fuisset,
1672 1164 1854 1203 Periclis
1896 1164 2038 1217 gratia

328 1239 490 1279 liberas
523 1240 728 1279 mulieres
762 1241 1006 1292 excepisse,
1040 1242 1152 1280 haec
1185 1241 1380 1292 scripsit:
1422 1239 1671 1294 Δεξάμενοι
1702 1238 1756 1280 δὲ
1786 1239 1866 1281 τὸν
1895 1238 2039 1294 λόγον

329 1316 371 1356 οἱ
387 1315 571 1371 κωμικοὶ
588 1316 758 1369 πολλὴν
774 1317 1017 1370 ἀσέλγειαν
1035 1318 1175 1358 αὐτοῦ
1192 1315 1553 1366 κατεσκέδασαν,
1570 1316 1636 1368 εἴς
1651 1331 1700 1359 τε
1712 1315 1792 1370 τὴν
1806 1316 2037 1372 Μενίππου

327 1396 522 1446 γυναῖκα
562 1393 887 1451 διαβάλλοντες
932 1428 939 1435 .
985 1429 994 1439 .
1041 1428 1048 1436 .
1096 1428 1103 1435 .
1169 1396 1381 1435 Homines
1423 1395 1662 1435 maledicos
1703 1395 1862 1435 deinde
1904 1402 2036 1449 atque

328 1472 514 1511 humiles
548 1473 897 1522 calumniatores,
932 1474 1005 1525 qui
1037 1474 1170 1526 vulgo
1189 1473 1384 1512 serviant
1417 1472 1748 1526 adulenturque,
1783 1485 1881 1512 esse
1909 1473 2038 1514 comi·

329 1563 405 1589 cos
439 1556 593 1589 censet
621 1551 882 1590 Plutarchus
929 1552 1042 1589 haec
1074 1551 1324 1602 proferens:
1385 1548 1476 1590 Καὶ
1506 1549 1546 1590 τί
1576 1550 1635 1590 ἄν
1665 1562 1730 1600 τις
1761 1547 2038 1602 ἀνθρώπους

329 1624 606 1678 σατυρικοὺς
636 1629 732 1677 τοῖς
773 1625 886 1684 βίοις
926 1626 1001 1668 καὶ
1032 1626 1114 1677 τὰς
1155 1626 1271 1668 κατὰ
1301 1627 1391 1667 τῶν
1420 1626 1691 1679 κρειττόνων
1733 1626 2030 1684 βλασφημίας,

330 1702 485 1755 ὥσπερ
508 1702 686 1758 δαίμονι
716 1705 843 1758 κακῷ
875 1705 936 1759 τῷ
969 1703 1128 1759 φθόνῳ
1160 1705 1250 1745 τῶν
1280 1705 1459 1745 πολλῶν
1491 1703 1783 1755 ἀποθύοντας
1814 1703 2034 1767 ἑκάστοτε

324 1781 601 1836 θαυμάσειεν
634 1814 642 1822 .
679 1814 687 1822 .
723 1814 731 1822 .
768 1814 775 1822 .
841 1783 889 1822 In
922 1796 1016 1834 cap.
1057 1783 1106 1822 16
1140 1784 1213 1822 ille
1245 1783 1565 1835 malignitatem
1607 1796 1758 1824 eorum
1790 1783 2032 1835 vituperat:

462 1891 469 1899 .
503 1857 749 1911 κακοήθως
781 1857 834 1899 δὲ
864 1858 1258 1914 παρεμφαίνουσιν
1299 1859 1341 1900 οἱ
1380 1858 1564 1914 κωμικοὶ
1600 1884 1650 1888 -
1686 1873 1745 1900 sc.
1788 1857 1869 1912 τὴν
1899 1859 2032 1912 Περι-

324 1936 490 1988 κλέους
531 1935 721 1991 δύναμιν
765 1961 813 1966 -
859 1935 1240 1989 Πεισιστρατίδας
1287 1935 1367 1991 μὲν
1412 1937 1550 1988 νέους
1588 1935 1698 1987 τοὺς
1738 1935 1840 1991 περὶ
1887 1924 2030 1978 αὐτὸν

327 2013 540 2067 ἑταίρους
570 2015 831 2066 καλοῦντες.

470 2095 722 2146 Rursusque
765 2094 807 2132 in
840 2094 964 2142 libro,
1009 2094 1081 2145 qui
1114 2093 1364 2132 inscribitur
1410 2093 1492 2142 „de
1525 2093 1751 2132 adulatore
1785 2098 1828 2133 et
1861 2092 2031 2132 amico“

328 2184 425 2223 cap.
460 2180 511 2220 27
548 2171 703 2210 comici
736 2171 865 2210 valde
898 2171 1222 2222 vituperantur:
1271 2169 1390 2211 Ἐπεὶ
1420 2169 1496 2211 καὶ
1526 2171 1621 2215 τοῖς
1645 2171 1858 2225 κωμικοῖς
1887 2168 2034 2210 πολλὰ

325 2246 445 2299 πρὸς
475 2246 526 2287 τὸ
558 2247 759 2299 θέατρον
791 2247 1000 2299 αὐστηρὰ
1030 2247 1105 2288 καὶ
1136 2247 1338 2289 πολιτικὰ
1368 2246 1619 2300 πεποίηται·
1675 2245 2033 2301 συμμιγνύμενον

327 2323 381 2365 δὲ
411 2324 462 2365 τὸ
510 2325 692 2377 γελοῖον
721 2315 888 2376 ἀὐτοῖς
934 2324 1009 2366 καὶ
1058 2324 1332 2382 βωμολόχον,
1383 2324 1537 2376 ὥσπερ
1582 2323 1738 2376 σιτίοις
1783 2323 2034 2379 ὑπότριμμα

327 2401 571 2457 μοχθηρόν,
615 2401 816 2455 ἐξίτηλον
858 2401 995 2443 έποίει
1035 2401 1114 2455 τὴν
1154 2401 1417 2454 παρρησίαν
1455 2401 1531 2443 καὶ
1562 2403 1804 2455 ἄχρηστον.
1869 2392 2033 2442 Plutar-
2129 2422 2144 2465 ³}

327 2482 435 2520 chus
468 2487 615 2520 autem
648 2481 690 2520 in
724 2495 883 2532 magno
916 2487 1116 2520 versatur
1149 2493 1308 2530 errore,
1344 2494 1442 2520 cum
1481 2472 1733 2519 'libertatem
1766 2478 2033 2520 comicorum

328 2572 486 2598 vanam
534 2559 669 2597 fuisse
718 2572 769 2598 ac
817 2572 902 2597 non
951 2558 1221 2597 audientium
1273 2558 1439 2597 animos
1486 2558 1605 2597 vario
1658 2557 1786 2597 modo
1842 2557 2032 2598 movisse

327 2636 560 2678 existimet.
624 2635 733 2686 Quis
767 2636 883 2675 enim
916 2641 995 2684 est,
1030 2635 1102 2687 qui
1134 2635 1307 2688 ignoret
1364 2635 1554 2675 comicos
1596 2648 1748 2674 omnes
1780 2635 1894 2675 illius
1925 2640 2032 2675 tem·

326 2714 444 2766 poris
491 2727 681 2752 summos
728 2713 845 2753 viros
887 2713 1010 2765 quasi
1058 2713 1100 2752 in
1142 2713 1350 2752 iudicium
1391 2725 1590 2761 vocasse,
1635 2713 1884 2752 libertatem
1924 2724 2031 2752 vero

325 2791 524 2843 quamvis
558 2790 793 2830 admixtam
825 2790 1077 2830 scurrilitati
1110 2803 1164 2829 ex
1186 2791 1354 2842 patriae
1388 2803 1535 2830 amore
1562 2803 1660 2830 esse
1683 2789 1850 2830 ortam?
1882 2789 2030 2838 Immo,

328 2881 380 2908 eo
428 2869 567 2921 magis
614 2868 820 2907 laudandi
867 2874 978 2917 sunt,
1027 2868 1144 2920 quod
1186 2868 1456 2920 gravissimis
1498 2868 1666 2907 civitati
1698 2867 2033 2909 Atheniensium

326 2946 598 2998 temporibus
631 2946 926 2985 temeritatem
959 2946 1078 2984 illam
1110 2945 1526 2997 perniciosissimam
1559 2958 1721 2994 eorum,
1753 2944 1826 2996 qui
1869 2944 2034 2985 contio·
2093 2948 2119 2960 ⁸

328 3024 454 3063 nibus
481 3024 692 3076 populum
720 3023 1160 3071 excitaverunt‚.ausi
1188 3029 1286 3062 sunt
1314 3023 1548 3076 castigare.
1583 3022 1733 3075 Pergit
1751 3023 2032 3077 Plutarch-us:
