2144 3354
0 1280 5 1292 ν
0 1234 10 1259 ιἼ
0 927 17 1217 ιὟἾνι-χ-ι-μαγκἸ-ᾳτζν
0 903 6 913 ⁷
0 845 10 882 v.-
7 794 11 798 .
4 768 7 770 ⁴
7 583 22 600 .-

862 213 1158 256 —19—

289 343 446 396 Neque
492 356 598 384 vero
645 343 919 384 infitiandum
965 350 1032 385 est
1088 345 1384 386 Athenienses
1430 345 1560 387 valde
1623 359 1853 399 peccasse,

147 420 265 473 quod
305 421 492 462 salutem
534 421 807 473 reipublicae
852 421 1136 462 delectationi
1179 428 1524 475 postposuerunt
1567 425 1623 464 ob
1665 437 1852 477 eamque

145 510 240 539 rem
269 497 384 538 iuste
414 498 631 551 simulque
662 499 858 551 graviter
889 499 1022 539 etiam
1052 513 1237 552 magnus
1269 500 1342 539 ille
1370 501 1693 541 Demosthenes
1724 501 1847 541 cives

145 580 338 616 accusat.
400 575 461 615 At
491 589 704 616 summam
734 576 936 616 iniuriam
967 576 1096 616 affert
1128 577 1388 617 Plutarchus
1420 578 1576 630 poetis,
1610 578 1729 630 quod
1760 579 1849 619 cul-

145 665 260 704 pam,
283 665 414 705 quam
435 653 732 693 Athenienses
754 653 798 693 in
820 666 868 693 se
891 653 1171 703 admiserunt,
1190 654 1273 693 illis
1291 654 1612 706 quodammodo
1636 656 1846 705 attribuit,

146 729 220 781 qui
250 729 358 770 nihil
389 729 508 770 aliud
551 730 789 770 studebant
831 730 914 769 nisi
955 730 1118 770 civium
1159 731 1326 771 animos
1359 731 1584 771 delectare
1617 745 1850 790 moresque

146 807 364 853 excolere.
428 807 592 847 Contra
630 806 915 847 Plutarchus:
959 837 968 846 .
1002 839 1010 847 .
1045 840 1053 847 .
1096 809 1191 858 τοῖς
1229 805 1283 848 δὲ
1322 806 1560 861 νικήσασιν
1600 809 1627 849 ὁ
1666 808 1854 861 τρίπους

143 882 354 935 ὑπῆρχεν,
390 884 476 925 οὐκ
506 883 719 938 ἀνάθημα
749 885 829 936 τῆς
859 882 998 936 νίκης,
1017 884 1113 925 ἀλλ’
1140 884 1405 940 ἐπίσπεισμα
1433 886 1524 926 τῶν
1544 886 1854 941 ἐκκεχυμένων

147 958 257 1017 βίων
303 959 380 1002 καὶ
419 961 510 1002 τῶν
550 959 876 1002 ἐκλελοιπότων
914 961 1187 1015 κενοτάφιον
1228 962 1378 1003 οἴκων.
1441 963 1642 1005 Τοιαῦτα
1671 964 1765 1017 γὰρ
1796 964 1852 1006 τὰ

142 1038 224 1090 τῆς
268 1039 496 1091 ποιητικῆς
533 1038 637 1091 τέλη
683 1037 759 1079 καὶ
806 1037 1124 1093 λαμπρότερον
1165 1038 1305 1080 οὐδὲν
1347 1040 1397 1089 ἐξ
1437 1041 1600 1081 αὐτῶν.
1665 1043 1854 1082 Ludicra

145 1115 336 1168 denique
383 1129 470 1156 non
517 1116 689 1156 dubitat
734 1117 808 1156 ille
854 1117 1079 1169 appellare
1124 1118 1288 1170 scripta
1334 1121 1560 1170 poetarum
1607 1119 1650 1158 in
1698 1133 1794 1172 cap.
1827 1121 1852 1159 8

143 1192 342 1233 eiusdem
396 1193 520 1233 libri:
580 1187 726 1234 Ἀλλὰ
779 1190 835 1245 νὴ
880 1191 968 1234 Δία
1012 1191 1167 1234 παιδιὰ
1220 1194 1277 1235 τὰ
1326 1195 1416 1235 τῶν
1471 1196 1675 1248 ποιητῶν.
1739 1197 1851 1236 Iniu-

143 1270 380 1310 stissimum
426 1283 532 1310 sane
578 1270 787 1310 iudicium
833 1283 976 1323 eoque
1023 1272 1163 1324 magis
1195 1272 1478 1322 reiciendum,
1519 1273 1636 1325 quod
1676 1287 1763 1313 non
1796 1287 1851 1314 ex

142 1359 288 1388 rerum
318 1347 563 1397 inscientia,
597 1348 677 1388 sed
709 1361 764 1388 ex
795 1348 962 1388 malitia
989 1349 1306 1400 proficiscitur!

172 1802 179 1804 ⁴
243 1784 248 1788 ⁴
284 1794 507 1834 Plutarchi
539 1794 595 1834 de
626 1794 770 1846 poetis
801 1795 982 1848 tragicis
1014 1796 1175 1836 iudicio
1208 1797 1384 1848 penitus
1410 1799 1674 1849 perlustrato
1699 1798 1847 1850 exqui-

141 1870 314 1923 'sitoque
345 1877 560 1924 superest,
594 1877 654 1921 ut,
687 1872 862 1924 qualem
894 1873 1145 1924 opinionem
1177 1874 1251 1913 ille
1284 1874 1338 1914 de
1373 1874 1524 1930 potitis
1548 1875 1742 1919 comicis
1773 1876 1846 1916 ha-

140 1947 296 1997 buerit,
329 1948 548 1988 subtiliter
577 1954 919 2002 perscrutemur.

283 2393 430 2445 Atque
462 2391 798 2449 Aristophanes
820 2397 894 2435 ille
926 2397 1116 2448 quidem,
1151 2411 1282 2450 quem
1314 2414 1392 2440 nos
1424 2401 1518 2440 sine
1551 2402 1639 2440 ulla
1671 2401 1840 2441 dubita-

139 2469 259 2509 tione
290 2470 536 2523 principem
568 2472 835 2513 comicorum
866 2479 1083 2525 putamus,
1126 2476 1506 2527 quotienscunque
1546 2490 1572 2515 a
1609 2476 1844 2515 Plutarcho

140 2547 368 2596 excitatur,
395 2549 654 2600 gravissime
677 2551 966 2602 compellatur
989 2558 1063 2591 aut
1096 2558 1218 2592 certe
1240 2552 1465 2592 refellitur.
1530 2553 1569 2591 N
1573 2564 1597 2591 e
1621 2552 1843 2591 minimam

140 2623 317 2675 quidem
342 2624 517 2664 laudem
534 2626 627 2665 eius
656 2640 742 2667 uno
759 2628 856 2667 loco
875 2634 1063 2680 excepto
1090 2629 1133 2668 in
1151 2629 1374 2669 Plutarchi
1395 2629 1602 2680 operibus
1620 2629 1841 2668 invenias!

139 2700 230 2740 Sed
261 2701 404 2753 ipsum
437 2702 688 2743 audiamus!
741 2704 931 2757 Corrigit
964 2705 1303 2757 Aristophanem
1335 2706 1379 2745 in
1411 2706 1502 2745 vita
1534 2706 1842 2745 Themistoclis

139 2790 236 2830 cap.
274 2789 343 2831 19:
406 2776 716 2832 Θεμιστοκλῆς
747 2779 788 2820 δ’
824 2781 919 2832 οὐχ,
953 2780 1018 2832 ὡς
1059 2781 1400 2836 Ἀριστοφάνης
1431 2782 1458 2822 ὁ
1483 2780 1680 2836 κωμικὸς
1704 2782 1838 2834 λε’γει,

137 2854 191 2907 τῇ
229 2853 356 2896 πόλει
407 2854 488 2896 τὸν
539 2856 737 2909 Πειραιᾶ
784 2857 1094 2912 προσέμαξεν,
1151 2859 1269 2901 ἀλλὰ
1307 2857 1388 2911 τὴν
1427 2858 1565 2900 πόλιν,
1587 2859 1729 2914 ἐξῆψε
1758 2860 1839 2900 τοῦ

137 2931 381 2983 Πειραιῶς.
444 2934 741 2986 Contemptim
773 2936 963 2988 loquitur
994 2937 1037 2976 in
1069 2937 1161 2977 vita
1189 2923 1372 2977 Periclis
1405 2951 1501 2989 cap.
1535 2947 1591 2986 30
1628 2937 1683 2977 de
1715 2950 1839 2987 „ver-

138 3009 316 3050 siculis“
362 3010 408 3051 in
451 3011 879 3062 „Acharnensibus“,
929 3013 1004 3066 qui
1051 3013 1107 3053 ad
1147 3015 1380 3067 Aspasiam
1420 2997 1663 3067 pertinent:
1697 3046 1707 3055 .
1739 3044 1750 3055 .
1783 3045 1794 3056 .
1827 3044 1838 3056 .
