2144 3354
997 202 1292 246 ..lg-

294 332 512 388 λαμπρῶν
567 330 894 385 περιεποίησεν,
959 332 1088 382 ἄξιόν
1148 347 1204 386 γε
1255 333 1311 375 τὰ
1366 332 1578 388 δράματα
1631 336 1726 386 τοῖς
1770 333 2005 387 τροπαίοις
2024 315 2139 386 *f'cjffs'*

264 444 267 446 ,
295 410 665 461 ἀντιπαραθεῖναι
705 408 781 450 καὶ
826 410 887 464 τῷ
933 409 1187 469 στρατηγίῳ
1228 409 1280 450 τὸ
1322 401 1525 462 θέατρον
1561 412 1898 464 ἀνταναστῆσαι
1927 409 2004 453 καὶ
2058 415 2106 470 2²34,

299 490 398 538 ταῖς
462 485 712 539 ἀριστείαις
780 485 863 537 τὰς
936 485 1238 538 διδασκαλίας
1304 488 1695 544 ἀντιπαραβαλεῖν.
1781 489 2004 529 Summam
2056 467 2121 515 '³4

294 565 609 618 praestantiam
650 565 822 604 illorum
863 570 1092 616 poetarum
1133 566 1249 604 bene
1282 570 1555 617 cognoverat
1586 566 1861 616 Plutarchus,
1903 579 2003 606 curn

295 642 493 695 Euripidi
549 642 835 693 sapientiam,
903 642 1112 693 Sophocli
1169 642 1440 691 facundiam,
1506 642 1728 694 Aeschylo
1785 643 2003 695 grandilo-

296 720 518 772 quentiam
560 719 832 758 attribueret.
897 718 995 769 Quo
1038 719 1202 757 maiore
1247 719 1289 757 in
1332 719 1440 758 vitio
1474 725 1554 768 est,
1595 719 1711 771 quod
1742 720 1894 760 humili
1925 720 2001 759 ob-

294 797 558 836 trectatione
592 797 749 835 ductus
783 796 837 834 de
871 797 1010 848 gloria
1043 796 1214 834 illorum
1245 797 1360 835 bene
1393 802 1518 847 parta
1551 796 1784 836 detrahere
1816 805 1999 836 conatus

296 875 382 914 est!
445 875 603 914 Nonne
650 874 745 925 ipse
778 873 957 912 tradidit
1001 879 1088 912 tam
1122 874 1281 913 multos
1314 874 1623 923 Athenienses,
1667 873 1888 926 Euripidis
1919 880 2002 914 tra-

295 951 478 1004 goedias
510 951 762 1000 recitantes,
790 964 814 990 e
842 950 1056 990 servitute
1084 951 1329 990 Siculorum
1358 963 1455 989 esse
1482 951 1717 990 liberatos?
1768 951 1836 990 Ac
1856 956 2003 991 tamen

294 1030 353 1068 nil
386 1042 532 1068 rerum
566 1030 849 1069 adversarum
882 1035 1037 1080 poetas
1070 1029 1294 1081 depulisse
1327 1029 1476 1068 dicere
1509 1042 1640 1068 ausus
1673 1029 1760 1068 est!
1822 1029 2004 1078 Atheni-

295 1118 424 1145 enses
450 1106 621 1145 scilicet
646 1111 801 1158 poetas
828 1106 959 1145 laude
986 1119 1072 1145 non
1092 1117 1189 1144 esse
1209 1105 1365 1157 dignos
1392 1106 1557 1145 iudicat
1573 1107 1713 1145 bonus
1731 1106 2004 1155 Plutarchus.

294 1181 351 1235 ,,ἤ
382 1195 420 1222 τι
450 1183 539 1222 τῶν
570 1183 788 1236 λαμπρῶν
812 1182 1160 1235 περιεποίησεν.“
1191 1184 1407 1222 exclamat
1443 1183 1538 1223 ille!
1574 1183 1725 1235 Quid?
1759 1184 1892 1223 Fama
1908 1187 2005 1236 poi}—

293 1266 435 1300 tarum
451 1274 539 1300 non
564 1261 692 1300 modo
712 1261 755 1300 in
774 1261 993 1300 Graeciae
1013 1260 1278 1309 civitatibus,
1306 1260 1385 1299 sed
1403 1260 1534 1299 etiam
1554 1260 1596 1299 in
1614 1260 1814 1300 omnibus
1831 1261 2006 1313 imperii

292 1338 478 1377 Romani
501 1339 699 1390 partibus
723 1338 949 1390 divulgata
973 1343 1039 1377 est
1072 1343 1116 1376 et
1148 1337 1196 1386 is,
1230 1337 1304 1389 qui
1336 1337 1379 1376 in
1412 1337 1598 1376 Athenis
1631 1337 1751 1389 ipsis,
1785 1337 2004 1378 domicilio

294 1416 451 1455 artium
496 1422 540 1455 et
586 1416 831 1455 litterarum
864 1415 1132 1467 aliquamdiu
1163 1415 1285 1464 vixit,
1331 1427 1387 1454 ne
1419 1415 1596 1454 minimo
1630 1415 1806 1467 quidem
1838 1416 2004 1455 honore

293 1493 390 1533 illos
407 1493 564 1546 dignos
583 1493 835 1533 existimat?
868 1494 984 1542 „Hic
1016 1492 1234 1545 quidem“,
1262 1497 1309 1532 ut
1324 1493 1496 1532 Horatii
1512 1492 1660 1532 verbis
1688 1498 1797 1542 utar,
1822 1492 2003 1545 „nigrae

294 1584 424 1611 sucus
457 1571 662 1624 loliginis,
695 1572 809 1611 haec
842 1576 909 1610 est
942 1583 1107 1623 aerugo
1141 1573 1303 1609 mera“.

438 1686 596 1725 Nonne
618 1685 812 1737 tropaeis
836 1680 996 1724 ducum
1018 1684 1236 1724 victorum
1259 1683 1455 1736 praemia
1476 1682 1760 1723 victoriarum
1782 1682 1826 1722 in
1843 1695 2006 1723 scaena

294 1767 518 1814 partarum
567 1762 862 1814 comparanda
909 1767 1021 1811 sunt,
1075 1774 1188 1813 quae
1236 1760 1386 1813 quanti
1432 1760 1595 1800 fuerint
1641 1759 1863 1810 momenti,
1910 1760 2007 1812 ipse

295 1846 609 1893 commemorat
641 1840 684 1879 in
716 1840 808 1879 vita
840 1839 1046 1888 Cimonis,
1090 1844 1137 1878 ut
1177 1851 1310 1890 supra
1342 1837 1768 1878 demonstravimus?
1830 1836 2006 1877 Oblitus

295 1931 393 1957 esse
437 1931 615 1970 prorsus
665 1918 927 1957 Plutarchus
975 1917 1150 1956 videtur
1198 1916 1334 1955 duces
1375 1915 1495 1968 ipsos
1542 1914 1916 1967 praeclarissimos
1962 1914 2007 1954 in

293 2009 453 2048 magno
486 1996 652 2034 honore
685 1996 887 2047 posuisse
920 2007 1059 2046 penes
1092 2007 1140 2033 se
1174 2007 1273 2033 esse
1305 1993 1631 2046 tragoediarum
1665 1992 1904 2032 arbitrium.

438 2109 554 2159 Quin
588 2108 643 2148 ad
676 2109 882 2148 acerbam
916 2108 1243 2148 cavillationem
1265 2119 1528 2160 progressus
1558 2106 1603 2145 in
1624 2105 1824 2158 proximo
1858 2104 2005 2157 capite

295 2186 472 2225 scribit:
503 2183 738 2226 Βούλεσθε
767 2183 876 2236 τοὺς
907 2183 1090 2237 ἄνδρας
1121 2183 1376 2238 εἰσάγωμεν
1406 2180 1576 2233 αὐτοὺς
1606 2181 1663 2223 τὰ
1694 2180 1901 2238 σύμβολα
1931 2179 2007 2222 καὶ

294 2262 350 2303 τὰ
395 2262 647 2317 παράσημα
692 2263 782 2303 τῶν
828 2261 981 2315 ἔργων
1031 2261 1322 2316 κομίζοντας,
1381 2259 1501 2302 ἰδίαν
1545 2259 1749 2315 ἑκατέρῳ
1795 2257 2008 2312 πάροδον

295 2339 571 2391 ἀποδόντες,
607 2341 766 2380 deinde
800 2341 952 2380 irridet
993 2341 1117 2381 varia
1156 2340 1446 2379 instrumenta
1477 2339 1521 2379 in
1561 2339 1745 2378 theatris
1789 2338 2018 2378 adhibitas

295 2421 453 2468 larvas,
505 2433 614 2469 araS,
658 2420 883 2459 machinas
933 2420 977 2458 in
1028 2431 1193 2458 scaena
1239 2417 1483 2466 versatiles,
1541 2416 1762 2468 etiamque
1808 2414 2007 2468 praemia

296 2497 579 2537 victoriarum
610 2496 807 2548 tripodes
834 2496 877 2534 in
903 2495 1091 2534 ludibrio
1114 2496 1260 2537 habet.
1321 2495 1552 2546 Sumptum
1584 2507 1692 2533 vero
1724 2493 2007 2547 magnificum

295 2575 339 2614 in
386 2574 546 2613 fabulis
594 2574 778 2626 agendis
826 2573 1073 2625 impensum
1121 2572 1291 2612 crimini
1336 2572 1411 2611 ille
1458 2571 1593 2611 vertit
1639 2569 2005 2611 Atheniensibus:

295 2650 490 2704 χορηγία
537 2648 786 2702 πολυτελὴς
831 2648 1281 2702 παρασκευαζέσθω;
1346 2649 1613 2701 iterumque:
1662 2681 1671 2691 .
1720 2678 1730 2688 .
1779 2680 1789 2691 .
1822 2646 1881 2687 ἂν
1910 2645 2004 2698 γὰρ

296 2729 541 2781 ἐκλογισθῇ
573 2729 663 2768 τῶν
695 2726 941 2782 δραμάτων
973 2727 1170 2768 ἕκαστον
1202 2726 1319 2767 ὅσου
1350 2725 1556 2775 κατέστη,
1588 2724 1727 2766 πλέον
1757 2721 2006 2777 ἀνηλωκὼς

298 2809 502 2860 φανεῖται
547 2806 573 2846 ὁ
607 2800 762 2860 δῆμος,
807 2806 873 2856 εἰς
910 2805 1092 2857 Βάκχας
1131 2803 1207 2846 καὶ
1249 2802 1505 2854 Φοινίσσας
1535 2802 1611 2844 καὶ
1645 2799 1898 2851 Οἰδίποδας
1927 2798 2005 2842 καὶ

296 2883 564 2936 Ἀντιγόνην
594 2882 670 2924 καὶ
716 2883 771 2924 τὰ
819 2881 1025 2936 Μηδείας
1071 2882 1193 2924 κακὰ
1233 2882 1309 2923 καὶ
1349 2881 1615 2933 Ἠλέκτρας,
1665 2878 1730 2921 ὧν
1767 2876 1882 2931 ὑπὲρ
1925 2879 2005 2932 τῆς

295 2960 541 3016 ἡγεμονίας
571 2960 646 3002 καὶ
679 2961 758 3014 τῆς
790 2959 1058 3013 ἐλευθερίας
1089 2960 1296 3015 πολεμῶν
1327 2957 1437 3010 τοὺς
1459 2958 1732 3016 βαρβάρους
1751 2955 2004 2999 ἀνάλωσεν.
