2144 3354
988 211 1280 253 *12-

276 345 423 402 λαβον
452 344 542 385 τῶν
575 343 720 398 μελῶν
751 343 963 396 ᾄσαντες.
999 345 1186 384 Tantam
1219 345 1309 384 vim
1349 345 1483 398 igitur
1514 346 1695 391 infuisse
1731 351 1893 400 poetae
1929 326 1988 389 fa·

277 423 403 472 bulis,
423 429 470 462 ut
503 423 575 462 vel
606 423 757 462 hostes
780 422 1063 471 infestissimi,
1095 422 1424 474 pulchritudine
1472 437 1524 464 ac
1570 425 1788 477 gravitate
1836 439 1988 466 earum

278 501 497 550 commoti,
546 500 844 540 Athenienses
892 505 1047 552 captos
1088 500 1293 540 libertate
1341 501 1612 551 donaverint,
1673 516 1727 542 ex
1773 503 1847 543 illa
1893 517 1987 544 nar-

276 578 447 618 ratione
503 579 635 630 plane
682 583 830 630 potest
863 578 1085 630 cognosci.
1126 579 1257 630 Quod
1288 583 1436 618 autem
1467 592 1524 618 ne
1555 580 1777 621 minimam
1809 581 1987 633 quidem

277 656 454 696 laudem
500 656 573 695 ille
604 655 784 705 addidit,
827 655 907 715 sed
948 656 1109 695 famam
1149 660 1307 708 poetae
1348 657 1747 708 praeclarissimam
1795 665 1840 699 et
1873 672 1988 712 quae

274 734 407 786 longe
436 734 613 785 lateque
640 739 802 786 vagata
835 739 941 783 erat,
973 734 1147 773 silentio
1180 734 1337 783 omisit,
1373 735 1507 774 etiam
1547 735 1700 775 laudes
1742 737 1836 776 aliis
1875 737 1985 777 locis
2045 759 2056 765 =
2088 771 2092 775 ,
2134 735 2144 775 s‘

276 811 475 863 Euripidi
500 811 684 850 tributas
720 824 807 850 non
837 811 986 863 magni
1021 808 1231 851 momenti
1265 824 1363 851 esse
1411 818 1670 864 tantumque
1717 815 1887 864 abesse,
1938 820 1987 854 ut

275 889 537 927 Plutarchus
579 889 836 940 Euripidem
894 888 1143 938 admiretur,
1193 894 1241 928 ut
1287 889 1402 928 illius
1452 891 1724 930 obtrectator
1771 891 1987 943 appellari

275 967 431 1019 possit,
478 979 531 1006 ex
573 966 645 1006 illo
689 967 835 1019 capite
869 967 1061 1007 dilucide
1093 973 1291 1019 apparet.

265 1030 267 1032 Ι
417 1044 487 1083 An
532 1044 761 1096 quisquam
806 1045 1090 1084 Plutarchum
1136 1045 1312 1084 laudem
1354 1045 1490 1084 fuisse
1533 1051 1807 1085 retenturum
1851 1046 1984 1097 dicat,

274 1122 311 1165 si
344 1122 500 1163 eadem
533 1122 588 1163 de
622 1123 815 1162 Homero
849 1123 1032 1175 eiusque
1059 1123 1331 1163 carminibus
1362 1123 1577 1163 tradenda
1609 1123 1824 1164 fuissent?

417 1485 575 1536 Neque
602 1484 744 1523 minus
772 1496 903 1535 quam
930 1482 1152 1535 Euripidis
1195 1482 1327 1521 etiam
1357 1479 1604 1536 Sophoclis
1620 1483 1714 1522 laus
1733 1482 1986 1523 diminuitur

277 1576 302 1602 a
344 1563 594 1611 Plutarcho,
636 1561 765 1613 quod,
810 1561 892 1600 etsi
925 1561 998 1600 ille
1045 1541 1163 1599 hunc
1204 1563 1383 1612 poetam
1426 1560 1566 1599 rarius
1611 1561 1983 1611 commemoravit,

273 1632 404 1692 quam
437 1639 706 1691 Euripidem,
740 1652 794 1678 ex
826 1638 973 1678 multis
1006 1638 1134 1677 dietis
1165 1637 1315 1690 colligi
1346 1642 1505 1689 potest.

287 1700 289 1703 ι
419 1717 649 1757 Refellitur
682 1717 927 1768 Sophocles
960 1716 1004 1754 in
1036 1715 1127 1755 vita
1160 1715 1395 1755 Phocionis
1429 1728 1526 1766 cap.
1566 1726 1608 1758 1:
1669 1714 1740 1755 Οὔ
1771 1714 1864 1768 γὰρ
1897 1715 1983 1756 Σο-

275 1795 434 1848 φοκλεῖ
464 1808 519 1847 γε
550 1793 834 1846 προσεκτέον
866 1793 1041 1845 ἀσθενῆ
1072 1793 1271 1833 ποιοῦντι
1309 1790 1389 1844 τὴν
1421 1789 1591 1844 ἀρετὴν
1623 1791 1674 1833 ἐν
1716 1790 1787 1842 οἷς
1836 1802 1986 1847 φησιν·

276 1872 430 1923 ,,Ἀλλ’
465 1872 520 1912 οὺ
552 1871 658 1924 γάρ,
694 1870 828 1921 ὦναξ,
863 1869 963 1911 οὐδ’
1008 1869 1062 1922 ὃς
1103 1871 1161 1911 ἂν
1194 1869 1364 1927 βλάστῃ
1397 1869 1517 1923 μένει
1560 1870 1672 1920 νοῦς
1704 1872 1799 1921 τοῖς
1830 1871 1988 1922 κακῶς

273 1950 512 2003 πράξασιν,
547 1949 644 1991 ἀλλ’
678 1948 952 1998 ἐξίσταταιίι.

418 2029 531 2068 Dein
564 2029 840 2080 vituperatur
882 2028 924 2066 in
966 2028 1077 2067 libro
1121 2026 1203 2076 „de
1236 2026 1380 2078 po‘etis
1414 2025 1671 2065 audiendis“
1704 2039 1801 2078 cap.
1835 2028 1882 2066 8:
1930 2026 1986 2067 οὒ

272 2106 390 2147 πάνυ
430 2106 523 2158 γὰρ
565 2103 736 2157 ἀληθὲς
776 2103 828 2145 τὸ
869 2105 950 2145 τοῦ
992 2103 1298 2158 Σοφοκλέους
1338 2102 1570 2155 λέγοντος·
1617 2101 1732 2152 „obn
1773 2101 1864 2144 ἔστ’
1906 2103 1981 2145 ἀπ’

274 2182 427 2236 ἔργων
460 2181 515 2238 μὴ
547 2184 701 2224 καλῶν
734 2181 817 2235 ἔπη
848 2182 996 2224 καλά(ι
1030 2181 1106 2223 καὶ
1136 2181 1229 2234 γὰρ
1262 2179 1400 2231 οὗτος
1441 2179 1601 2221 εἴωθεν
1631 2178 1762 2233 ἤθεσι
1793 2179 1986 2234 φαύλοις

272 2261 347 2303 καὶ
380 2260 566 2312 ἀτόποις
597 2261 831 2315 πράγμασι
850 2259 1022 2313 λόγους
1042 2260 1344 2313 ἐπιγελῶντας
1370 2257 1445 2300 καὶ
1466 2256 1821 2312 φιλανθρώπους
1840 2257 1986 2310 αἰτίας
2007 2272 2012 2275 ·

272 2338 483 2392 πορίζειν.
520 2341 756 2380 Orationes
788 2340 935 2392 igitur,
970 2352 1083 2391 quae
1117 2338 1338 2378 arrideant
1371 2343 1416 2376 et
1440 2338 1654 2390 benignas
1677 2337 1985 2378 excusationes

274 2419 467 2458 moribus
496 2418 719 2470 perversis
753 2430 804 2456 ac
825 2417 953 2456 factis
974 2416 1123 2468 pravis
1141 2416 1184 2454 in
1205 2416 1355 2455 fabula
1375 2415 1586 2467 expositis
1607 2428 1692 2454 non
1714 2415 1985 2467 respondere

274 2497 542 2548 exprobrare
585 2496 678 2535 vult
719 2495 979 2534 Plutarchus
1012 2493 1234 2545 Sophocli.
1298 2493 1507 2544 Idemque
1548 2497 1710 2544 poetae
1742 2492 1984 2532 sententias

274 2574 455 2626 corrigit
487 2587 652 2625 easque
695 2574 749 2612 ab
783 2572 877 2612 aliis
910 2577 1099 2610 mutatas
1132 2584 1231 2610 esse
1263 2570 1467 2619 ostendit,
1500 2575 1548 2609 ut
1579 2570 1622 2609 in
1655 2583 1750 2621 cap.
1789 2580 1838 2610 12
1873 2570 1984 2609 eius-

274 2652 374 2691 dem
407 2652 527 2691 libri:
562 2650 587 2691 ὁ
620 2649 777 2703 Ζήνων
809 2647 1213 2702 ἐπανορθούμενος
1255 2646 1307 2688 τὸ
1347 2648 1428 2687 τοῦ
1469 2646 1795 2700 Σοφοκλέους·
1829 2646 1984 2698 ,,ὅστις

274 2727 328 2769 δὲ
358 2727 477 2780 πρὸς
508 2727 737 2780 τύραννον
769 2725 1076 2781 ἐμπορεύεται,
1111 2724 1264 2766 κείνου
1293 2717 1377 2765 3στὶ
1409 2723 1591 2775 δοῦλος,
1625 2725 1714 2765 κᾶν
1733 2722 1984 2775 ἐλεύθερος

274 2805 414 2861 μόλῃιι
449 2806 736 2860 μετέγραψεν
771 2805 898 2855 ·,,οὺκ
930 2803 1024 2844 ἔστι
1044 2802 1227 2854 δοῦλος,
1251 2802 1279 2855 ἢ
1301 2801 1551 2854 ἐλεύθερος
1573 2801 1726 2856 μόλῃίι.
1759 2802 1982 2854 Additque

274 2886 558 2927 Plutarchus:
619 2882 674 2923 Τι’
710 2881 767 2934 δὴ
807 2880 970 2923 κωλύει
1002 2880 1077 2922 καὶ
1108 2881 1227 2935 ἡμᾶς
1257 2883 1362 2931 ταῖςι
1395 2879 1623 2930 τοιαύταις
1662 2876 1984 2933 ὑποφωνήσεσι

272 2960 381 3013 τοὺς
412 2961 549 3012 νέους
579 2961 823 3002 ὑποκαλεῑν
841 2958 961 3012 πρὸς
979 2958 1030 3000 τὸ
1054 2959 1239 3016 βέλτιον.
1274 2959 1488 3011 Sequenti
1511 2971 1712 2998 sermone
1734 2958 1982 3009 complures

274 3041 506 3096 Sophoclis
539 3040 786 3081 sententiae
809 3053 833 3079 a
853 3039 1089 3078 Plutarcho
1106 3043 1473 3097 transmutantur,
1508 3049 1607 3076 cum
1628 3049 1753 3075 suum
1773 3034 1983 3075 iudicium
