2144 3354
281 317 528 374 ὀνομάτων.
593 321 981 374 Intemperantiam
1012 322 1166 376 igitur,
1200 323 1426 364 levitatem
1459 325 1759 376 conviciandi,
1803 326 1991 368 scurrili·
2049 312 2144 390 ⁸5:¹57:-

281 402 417 437 tatem
450 397 683 438 admodum
717 405 914 451 apertam
949 405 993 439 et
1025 400 1295 440 fastidiosam
1326 401 1633 455 indecoris'que
1675 404 1824 444 verbis
1864 399 2017 445 lasci-'
2085 395 2138 454 ..s

283 475 438 527 visque
480 476 727 516 nominibus
768 476 993 528 impletam
1034 477 1180 517 inesse
1227 478 1271 516 in
1313 479 1551 519 comoediis
1591 481 1780 534 antiquis
1822 482 1988 522 Plutar-

283 552 390 592 chus
424 553 584 593 acerbe
617 559 798 606 questus
833 559 912 593 est.

424 630 588 670 Contra
604 644 720 670 nova
742 631 970 671 comoedia
992 631 1108 670 omni
1127 631 1254 671 modo
1272 633 1473 672 laudatur
1496 641 1570 673 aut
1588 639 1709 674 certe
1727 641 1982 676 excusatur:

281 700 352 746 t'H
382 719 430 747 τε
460 706 553 759 γὰρ
584 707 703 758 λέξις
734 706 866 760 ἡδεῖα
902 706 977 748 καὶ
1008 706 1116 759 πεζὴ
1149 708 1456 761 κατέσπαρται
1484 710 1574 750 τῶν
1603 710 1890 765 πραγμάτων,
1923 711 1989 763 ὡς

282 781 388 837 μήτε
419 783 506 825 ὑπὸ
538 783 777 838 νηφόντων
806 786 1198 839 καταφρονεῖσθαι
1230 784 1322 839 μήτ’
1358 786 1634 841 οἰνωμένους
1664 788 1808 829 ἀνιᾶν.
1859 789 1990 842 Quod

281 861 470 903 iucunda
517 862 650 915 igitur
697 863 829 903 dictio
877 864 932 903 sit
977 869 1022 903 et
1067 863 1298 915 pedestris,
1347 865 1391 904 id
1438 871 1505 905 est
1553 866 1695 905 aliena
1737 867 1791 906 ab
1834 867 1987 906 intem-

279 939 479 991 perantia
501 941 883 993 vehementiaque,
908 941 1026 980 laudi
1058 941 1131 980 ille
1166 942 1296 981 vertit
1326 943 1484 994 poetis,
1515 943 1711 995 inprimis
1734 943 1986 984 Menandro.

280 1016 489 1057 Ceterum
521 1018 638 1070 quod
671 1018 804 1058 ebriis
853 1018 1091 1058 dictionem
1132 1019 1388 1059 comoediae
1431 1033 1575 1059 novae
1620 1034 1707 1060 non
1759 1021 1988 1061 molestam

280 1106 377 1134 esse
411 1095 672 1135 Plutarchus
704 1096 949 1148 profitetur,
983 1109 1069 1135 non
1102 1109 1206 1135 sane
1248 1109 1451 1149 magnam
1484 1097 1659 1137 laudem
1693 1110 1791 1137 esse
1823 1098 1867 1137 in
1899 1098 1987 1138 hoc

280 1171 397 1211 dicto
437 1173 626 1224 positam
667 1173 949 1222 arbitramur3
994 1173 1137 1223 immo,
1172 1174 1435 1214 scurrilitate
1479 1175 1685 1227 antiquae
1731 1175 1988 1216 comoediae

280 1249 424 1289 ebrios
465 1251 605 1302 magis
647 1263 745 1290 esse
786 1250 1030 1290 delectatos
1076 1250 1408 1291 concedendum
1451 1257 1529 1291 est.
1592 1249 1682 1293 Sed
1725 1265 1986 1305 pergamus:

279 1325 581 1380 γνωμολογίαι
631 1341 679 1368 τε
721 1325 910 1380 χρησταὶ
950 1326 1025 1368 καὶ
1066 1328 1252 1381 ἀφελεῖς
1291 1326 1606 1380 ὑπορρέουσαι
1645 1327 1720 1370 καὶ
1759 1328 1816 1369 τὰ
1857 1329 1989 1382 σκλη-

280 1402 452 1456 ρότατα
498 1405 587 1446 τῶν
634 1405 759 1458 ἠθῶν
791 1404 946 1457 ὥσπερ
980 1404 1031 1445 έν
1060 1404 1167 1457 πυρὶ
1198 1406 1259 1460 τῷ
1292 1405 1400 1460 οἴνῳ
1433 1405 1706 1460 μαλάττουσι
1754 1405 1830 1448 καὶ
1874 1406 1984 1461 κάμ-

277 1491 436 1524 πτουσι
466 1481 585 1535 πρὸς
615 1481 667 1523 τὸ
690 1482 1033 1526 ἐπιεικέστατον.
1067 1484 1208 1523 Utiles
1241 1484 1416 1536 quidem
1446 1485 1689 1524 sententias
1721 1490 1854 1538 atque
1886 1485 1986 1524 sim-

280 1561 421 1612 plices
462 1562 736 1601 sermonibus
773 1562 887 1601 illius
925 1560 1182 1601 comoediae
1216 1574 1314 1601 esse
1346 1562 1568 1614 inspersas
1601 1562 1695 1602 iure
1727 1562 1988 1602 Plutarchus

281 1638 463 1678 laudans
494 1639 675 1691 profert.

421 1735 479 1774 Ut
510 1735 643 1787 igitur
667 1735 927 1774 Plutarchus
959 1734 1229 1787 iniquissime
1262 1734 1317 1774 de
1344 1734 1640 1786 Aristophane
1673 1734 1850 1783 iudicat,
1885 1748 1985 1776 cum

276 1811 525 1851 libertatem
558 1812 733 1852 dicendi
756 1813 970 1861 convicia,
995 1812 1115 1852 iocos
1138 1812 1412 1864 facetiasque
1435 1812 1745 1852 scurrilitatem
1771 1812 1980 1861 nominet,
1999 1817 2006 1823 “

277 1889 338 1928 ita
383 1890 619 1930 urbanitati
667 1890 894 1930 Menandri
940 1890 1060 1929 illum
1106 1889 1311 1928 tribuisse
1359 1890 1538 1929 nimium
1602 1902 1767 1938 omnes,
1810 1889 1884 1942 qui
1923 1890 1985 1929 in-

276 1972 451 2020 tegrum
481 1967 689 2008 iudicium
722 1973 974 2020 sequuntur,
1008 1967 1138 2006 facile
1171 1967 1444 2019 intellegent.
1510 1966 1599 2006 Sed
1630 1979 1686 2006 ne
1720 1967 1981 2007 Plutarchus

278 2044 454 2096 quidem
487 2051 633 2097 potest
665 2060 751 2086 non
784 2045 1031 2085 concedere
1069 2044 1311 2094 commoda,
1342 2057 1457 2096 quae
1489 2044 1563 2083 illa
1596 2044 1826 2084 comoedia
1857 2056 1983 2097 prae-

277 2124 384 2163 bere
416 2122 604 2172 videtur,
653 2124 900 2163 hominibus
932 2123 975 2162 in
1008 2123 1133 2162 seriis
1165 2123 1296 2162 rebus
1329 2122 1557 2174 occupatis
1589 2122 1710 2161 irrita
1743 2135 1841 2162 esse
1872 2123 1986 2162 haec

278 2200 453 2240 dicens:
485 2199 642 2241 Ταῦτα
664 2199 705 2241 δ’
730 2198 995 2251 ἀνθρώποις
1019 2199 1132 2240 ἄλλο
1166 2199 1246 2254 μέν
1276 2213 1315 2239 τι
1344 2198 1619 2251 πράττουσιν
1639 2197 1752 2249 ἴσως
1768 2197 1986 2253 οὐδεμιᾶς

279 2276 484 2330 σπουδῆς
514 2277 618 2326 ἄξιά
649 2278 771 2318 ἐστιν
802 2278 1036 2330 additque:
1078 2277 1129 2317 έν
1159 2278 1220 2332 τῷ
1253 2275 1306 2318 δὲ
1346 2275 1486 2318 πίνειν
1517 2276 1573 2317 οὐ
1604 2269 1882 2331 θαυμάσαιμ’
1911 2276 1984 2327 ἄν,

279 2355 318 2396 εἰ
363 2353 414 2395 τὸ
460 2354 655 2407 τερπνὸν
702 2355 852 2396 αὐτῶν
898 2353 973 2395 καὶ
1019 2353 1262 2407 γλαφυρὸν
1311 2355 1404 2408 ἅμα
1449 2352 1524 2395 καὶ
1569 2353 1732 2394 πλάσιν
1777 2353 1876 2394 τινὰ
1905 2352 1982 2395 καὶ

278 2431 619 2487 κατακόσμησιν
660 2432 873 2486 ἐπιφέρει,
909 2432 1299 2485 συνεξομοιοῦσαν
1339 2431 1394 2472 τὰ
1424 2429 1512 2484 ἤθη
1542 2433 1638 2481 τοῖς
1670 2430 1879 2472 ἐπιεικέσι
1907 2429 1984 2472 καὶ

279 2508 629 2564 φιλανθρώποις.
693 2511 763 2550 Ad
803 2512 915 2550 haec
956 2510 1133 2562 obloqui
1174 2510 1300 2549 nobis
1340 2510 1472 2549 liceat
1513 2508 1762 2561 potationes
1810 2509 1984 2549 omnino

279 2602 365 2628 non
399 2602 497 2628 esse
530 2595 667 2641 aptas,
698 2601 811 2640 quae
838 2601 980 2627 mores
1000 2588 1055 2627 ad
1077 2588 1303 2627 lenitatem
1336 2587 1741 2640 humanitatemque
1764 2586 1984 2626 adducant

279 2672 354 2706 aut
401 2672 521 2706 certe
569 2667 738 2706 illarum
786 2665 1117 2705 admirationem
1166 2678 1251 2703 una
1299 2677 1397 2703 cum
1430 2664 1560 2703 animi
1603 2665 1770 2713 ardore,
1815 2663 1888 2716 qui
1929 2675 1984 2702 ex

279 2743 380 2783 vino
414 2744 469 2783 sit
501 2749 635 2793 ortus,
681 2743 896 2783 conviviis
929 2742 1095 2782 exactis
1129 2754 1413 2783 evanescere.

421 2839 469 2877 In
503 2839 685 2878 Lucullo
718 2851 813 2890 cap.
846 2849 902 2891 39
935 2843 1161 2889 comparat
1194 2838 1454 2876 Plutarchus
1495 2836 1629 2876 vitam
1671 2836 1764 2876 eius
1797 2836 1983 2887 impera-

279 2915 385 2955 toris
418 2915 600 2955 Romani
641 2929 740 2955 cum
781 2915 959 2966 antiqua
1001 2914 1247 2963 comoedia;
1292 2926 1404 2965 quae
1447 2913 1716 2965 comparatio
1758 2912 1876 2952 laudi
1917 2917 1984 2952 est

279 3005 425 3045 neque
457 2993 639 3033 Lucullo
672 3005 817 3045 neque
850 2991 1127 3032 comoediae:
1190 2983 1325 3031 ’Ἐστι
1366 2985 1408 3030 δ’
1447 2988 1531 3030 οὖν
1570 2990 1650 3030 τοῦ
1680 2986 1984 3030 Λουκούλλου
