2144 3354
1009 183 1273 223 -6-

284 308 480 361 graviter
536 308 701 350 iudicat
759 324 888 363 quam
945 310 999 352 de
1050 312 1273 365 Euripide.
1353 312 1483 365 Quod
1530 321 1677 356 autem
1725 316 1993 359 comicorum

284 392 512 439 poetarum
558 388 819 441 plerumque
865 390 1105 430 Menander
1153 398 1531 440 commemoratur,
1580 395 1839 446 praesertim
1893 409 1992 435 cum

283 465 459 504 fabulae
487 465 580 504 eius
598 467 827 506 sententiis
846 467 1083 517 abundent,
1102 468 1420 520 Aristophanes
1449 471 1711 523 neglegitur,
1731 473 1991 513 Plutarchus

282 555 369 580 non
410 542 696 594 ignorationis
738 544 1044 596 Aristophanis
1089 546 1415 586 comoediarum
1463 549 1737 589 accusandus
1785 556 1864 600 est,
1913 551 1991 591 sed

282 619 408 670 plura
434 620 489 659 de
516 620 588 659 illo
616 626 749 672 poeta
776 621 925 661 dicere
953 635 1053 661 eum
1083 622 1272 662 evitasse
1301 624 1417 663 haud
1444 624 1623 665 difficile
1652 632 1718 665 est
1748 627 1989 668 intellectu.

423 697 589 737 Iudicia
645 711 773 747 vero,
837 712 950 750 quae
1008 700 1269 739 Plutarchus
1327 701 1370 740 in
1429 702 1679 742 universum
1737 704 1792 743 de
1848 705 1991 756 poetis

281 775 496 814 scaenicis
545 776 700 826 attulit,
748 790 834 816 non
882 790 988 816 sane
1030 778 1161 816 tantis
1194 778 1396 818 laudibus
1444 780 1606 819 referta
1654 786 1765 830 sunt,
1817 783 1990 834 quantis

280 852 352 891 ille
399 853 638 893 Homerum
674 854 1006 906 Hesiodumque
1049 855 1207 895 efferre
1252 857 1376 898 solet.
1453 857 1578 897 Licet
1626 858 1741 898 enim
1773 859 1990 899 interdum

280 930 409 969 laude
452 931 607 983 dignos
650 945 725 971 eos
766 933 1002 984 putaverit,
1045 933 1242 984 proximo
1285 935 1382 974 loco
1427 935 1630 974 acerbius
1673 949 1749 975 eos
1792 937 1990 989 increpat

281 1013 355 1047 aut
399 1014 520 1048 certe
566 1009 684 1049 dicta
717 1022 868 1049 eorum
915 1011 1078 1050 refutat
1126 1017 1170 1050 et
1213 1012 1405 1064 corrigit.
1469 1013 1585 1064 Quid
1627 1019 1774 1053 autem
1815 1014 1990 1054 omnino

279 1084 334 1123 de
382 1086 524 1136 poetis
580 1086 653 1126 ille
701 1088 899 1136 senserit,
957 1088 1286 1128 evidentissime
1344 1090 1569 1141 professus
1627 1097 1694 1130 est
1751 1091 1794 1131 in
1850 1091 1989 1144 primo

279 1163 425 1214 capite
489 1164 583 1203 eius
655 1165 813 1214 libelli,
887 1166 961 1217 qui
1023 1166 1274 1206 inscribitur
1347 1167 1430 1216 „de
1502 1168 1644 1219 poetis
1707 1169 1988 1208 audiendis“:

280 1239 350 1281 Οὐ
386 1273 393 1280 .
430 1273 437 1280 .
476 1273 483 1281 .
523 1274 530 1281 .
580 1240 823 1293 Δρύαντος
861 1241 962 1293 υἱὸς
1005 1242 1237 1295 κρατερὸς
1269 1243 1550 1296 Λυκόοργος
1580 1244 1842 1305 ὑγιαίνοντα
1871 1247 1985 1287 νοῦν

280 1316 409 1369 εἶχεν,
444 1317 511 1359 ὅτι
541 1319 720 1360 πολλῶν
752 1319 1104 1374 μεθυσκομένων
1143 1320 1219 1362 καὶ
1260 1321 1602 1373 παροινούντων
1641 1322 1724 1374 τὰς
1755 1323 1984 1378 ἀμπέλους

276 1394 459 1447 περιιὼν
512 1395 751 1444 ἐξέκοπτεν
791 1396 890 1438 ἀντὶ
931 1398 1012 1439 τοῦ
1053 1397 1136 1449 τὰς
1177 1397 1355 1451 κρήνας
1395 1399 1627 1452 ἐγγυτέρω
1667 1403 1985 1454 προσαγαγεῖν

275 1471 350 1513 καὶ
383 1472 712 1528 ,,μαινόμενον“
745 1473 868 1525 θεὸν,
904 1474 968 1526 ὥς
1001 1485 1137 1530 φησιν
1169 1477 1195 1516 ό
1228 1476 1422 1517 Πλάτων
1465 1477 1635 1532 ,,ἐτέρῳ
1673 1479 1765 1533 θεῷ
1798 1476 1986 1533 νήφοντι

272 1549 612 1605 κολαζόμενον“
658 1551 961 1606 σωφρονίζειν
994 1585 1179 1595 .....
1224 1549 1326 1609 μηδ’
1366 1554 1490 1609 ἡμεῖς
1532 1554 1616 1596 οὖν
1645 1553 1726 1608 τὴν
1756 1554 1984 1609 ποιητικὴν

273 1627 467 1682 ἡμερίδα
497 1629 586 1670 τῶν
618 1629 821 1671 Μουσῶν
854 1629 1140 1685 ἐκκόπτωμεν
1172 1627 1272 1686 μηδ’
1303 1631 1602 1686 ἀφανίζωμεν,
1639 1625 1737 1674 ἀλλ’
1767 1633 1882 1675 ὅπου
1906 1631 1987 1688 μὲν

275 1705 350 1759 ὑφ’
363 1704 535 1759 ἡδονῆς
552 1707 759 1759 ἀκράτου
777 1707 895 1760 πρὸς
912 1706 1055 1757 δόξαν
1072 1708 1292 1760 αὐθάδῶς
1308 1709 1659 1764 θρασυνόμενον
1673 1709 1896 1767 ἐξυβρίζει
1911 1710 1987 1752 καὶ

274 1783 488 1838 ύλυμανεῑ
517 1783 568 1824 τὸ
601 1783 810 1838 μυθῶδες
842 1785 982 1839 αὐτῆς
1012 1786 1088 1827 καί
1118 1786 1373 1839 θεατρικόν,
1394 1786 1796 1844 ἐπιλαμβανόμενοι
1828 1786 1986 1830 κολού-

278 1874 396 1914 ωμεν
440 1860 515 1902 καὶ
546 1860 775 1916 πιέζωμεν·
809 1862 925 1903 ὅπου
969 1861 1022 1904 δὲ
1063 1863 1245 1904 ἅπτεταί
1284 1878 1406 1915 τινος
1448 1863 1623 1919 μούσης
1654 1866 1704 1918 τῇ
1737 1865 1880 1919 χάριτι
1910 1864 1986 1907 καὶ

273 1937 324 1978 τὸ
357 1937 499 1990 γλυκὺ
541 1940 621 1980 τοῦ
662 1938 805 1992 λόγου
837 1939 911 1981 καὶ
944 1940 1131 1994 ἀγωγὸν
1174 1942 1259 1983 ούκ
1290 1941 1501 1994 ἄκαρπόν
1539 1943 1659 1984 ἐστιν
1691 1941 1803 1984 οὐδὲ
1833 1943 1982 1994 κενόν,

276 2016 476 2057 ἐνταῦθα
508 2017 784 2071 φιλοσοφίαν
827 2018 1080 2073 εἰσάγωμεν
1120 2019 1195 2060 καὶ
1236 2019 1616 2075 καταμιγνύωμεν.
1652 2022 1782 2073 Quod
1815 2022 1984 2062 dictum

275 2109 377 2134 num
418 2096 472 2135 ad
515 2096 622 2135 alios
664 2101 819 2148 poetas
860 2098 1102 2137 referamus
1145 2104 1277 2150 atque
1320 2099 1375 2138 ad
1407 2099 1636 2139 scaenicos
1667 2099 1851 2151 poetas?
1913 2100 1983 2140 An

277 2173 348 2211 alii
381 2177 538 2224 poetae
572 2173 616 2213 id
649 2174 829 2223 faciunt,
864 2175 982 2226 quod
1016 2176 1277 2215 Plutarchus
1308 2176 1434 2215 dicit:
1478 2174 1845 2230 ,θρασυνόμενοι
1889 2176 1984 2225 ἐξυ-

274 2248 535 2306 βρίζουσινιι
570 2264 622 2290 ac
655 2252 841 2291 comici?
904 2253 1061 2304 Neque
1092 2266 1198 2293 vero
1232 2254 1498 2293 comicorum
1540 2254 1668 2294 modo
1709 2255 1983 2306 impietatem

274 2333 406 2380 atque
450 2328 704 2368 iactantiam
749 2330 821 2369 ille
866 2330 1083 2382 improbat
1130 2336 1174 2370 et
1218 2332 1492 2383 supprimere
1526 2332 1684 2381 studet,
1727 2332 1805 2372 sed
1850 2332 1983 2394 etiam

270 2406 537 2458 tragicorum
570 2407 808 2446 auctoritas
842 2413 885 2446 et
918 2409 1159 2457 veneratio,
1194 2422 1323 2460 quam
1356 2410 1474 2460 apud
1504 2423 1595 2458 nos,
1629 2423 1797 2449 summa
1831 2423 1982 2450 eorum

274 2484 492 2535 gravitate
539 2490 792 2533 commotos,
840 2497 1015 2536 semper
1059 2486 1297 2536 habebunt,
1343 2500 1368 2526 a
1412 2488 1647 2526 Plutarcho
1692 2501 1779 2527 non
1822 2487 1982 2527 leviter

273 2561 534 2614 infringitur.
600 2562 734 2601 Cuius
767 2562 830 2601 rei
864 2575 917 2601 ex
951 2563 1164 2614 exemplis
1198 2563 1252 2602 de
1277 2564 1499 2603 Plutarchi
1526 2565 1646 2603 libris
1670 2564 1980 2616 depromendis

274 2638 518 2677 firmissima
552 2646 810 2691 argumenta
843 2640 1073 2679 ducamus!
