2144 3354
315 357 467 411 Itaque
499 354 770 397 contendere
793 353 898 395 mihi
930 353 1062 394 liceat
1083 351 1379 401 Plutarchum,
1403 349 1668 403 ubicumque
1693 348 1875 390 laudans

172 441 358 490 poetam,
394 434 764 482 commemoravit,
809 433 916 472 nihil
960 431 1077 471 aliud
1121 431 1164 469 in
1209 430 1352 469 animo
1396 429 1603 468 habuisse
1646 428 1728 467 nisi
1761 427 1874 466 illius

173 513 465 566 prudentiam,
492 525 620 564 quam
649 524 727 550 nos
743 508 1163 560 ‚‚Lebensweisheit,
1182 506 1627 558 Lebenserfahrung“
1654 518 1875 553 vocamus,

175 590 476 642 comprobare,
522 594 569 628 ut
616 588 659 627 in
700 588 810 627 libro
854 587 938 636 „de
980 586 1205 625 adulatore
1248 590 1292 624 et
1344 584 1513 623 amico“
1562 596 1656 634 cap.
1692 593 1770 621 21:
1820 573 1876 622 ‘O

173 669 255 709 τοῦ
285 665 418 721 φίλου
449 664 634 718 τρόπος,
653 663 808 717 ὥσπερ
841 664 868 704 ὁ
899 664 979 716 τῆς
1009 660 1227 714 ἀληθείας
1258 661 1413 715 μῦθος,
1447 660 1620 709 ἁπλοῦς
1651 660 1745 700 ἐστι
1782 651 1880 699 κατ’

175 743 425 798 Εὐριπίδην
455 742 530 784 καὶ
573 740 749 796 ἀφελὴς
787 740 862 782 καὶ
902 742 1134 790 ἄπλαστος
1169 753 1176 761 ·
1210 739 1236 779 ὁ
1269 736 1323 779 δὲ
1353 739 1434 778 τοῦ
1474 737 1676 787 κόλακος
1718 734 1876 786 ὄντως·

176 822 357 873 ,,νοσῶν
398 821 449 862 ἐν
493 820 614 875 αὐτῷ
647 819 902 874 φαρμάκων
936 817 1076 859 δεῖται
1107 817 1295 871 σοφῶνιι
1337 818 1582 868 iterumque
1624 816 1666 854 in
1701 828 1879 864 „conso-

174 902 340 941 latione
358 900 413 940 ad
431 899 739 952 Apollonium“
753 911 853 949 cap.
875 908 923 936 2:
958 927 966 935 .
1002 927 1010 935 .
1046 929 1055 938 .
1087 894 1204 936 κατὰ
1234 893 1327 946 γὰρ
1357 892 1437 934 τὸν
1463 891 1614 946 σοφὸν
1632 889 1879 944 Εὐριπίδην

177 980 204 1032 [z
238 991 393 1018 versus
425 982 666 1029 sequuntur
699 976 722 1028 :]
756 976 799 1014 in
833 974 1077 1025 eodemque
1109 973 1219 1012 libro
1253 986 1348 1024 cap.
1388 980 1459 1021 15:
1504 1002 1512 1010 .
1549 1002 1557 1010 .
1592 1001 1600 1010 .
1635 1003 1644 1012 .
1675 969 1793 1010 πάνυ
1825 966 1879 1008 δὲ

175 1056 330 1106 καλῶς
359 1053 434 1096 καὶ
466 1053 493 1094 ὁ
514 1050 762 1105 Εὐριπίδης
791 1050 860 1092 ἐπὶ
890 1051 980 1091 τῶν
1000 1050 1083 1100 τὰς
1104 1049 1285 1104 μακρὰς
1300 1047 1544 1100 νοσηλείας
1564 1045 1878 1101 ὑπομενόντων

177 1131 288 1188 φησί
319 1133 346 1186 [2
378 1145 531 1172 versus
563 1136 805 1183 sequuntur
837 1130 875 1182 :].
909 1130 1066 1181 Neque
1085 1129 1226 1167 minus
1250 1127 1451 1167 laudatur
1469 1131 1629 1179 poetae
1647 1125 1879 1178 prudentia

175 1212 219 1252 in
251 1210 558 1250 dissertatione
592 1208 676 1258 „de
708 1208 761 1247 Ei
794 1207 910 1259 apud
944 1207 1166 1258 Delphos“
1201 1219 1296 1257 cap.
1332 1216 1406 1244 21:
1451 1235 1459 1244 .
1493 1235 1501 1243 .
1537 1237 1546 1247 .
1579 1202 1765 1253 εἰκότως
1795 1201 1879 1242 οὖν

176 1288 203 1329 ὁ
219 1285 466 1339 Εὐριπίδης
482 1285 603 1327 εἶπεν
619 1283 809 1341 ·,,λοιβαὶ
840 1282 1015 1324 νεκύων
1037 1282 1291 1336 φθιμένωνίι
1316 1281 1420 1331 xre„
1455 1295 1628 1336 necnon
1655 1281 1697 1320 in
1726 1280 1879 1319 disser-

175 1366 341 1406 tatione
374 1364 458 1414 „de
490 1363 775 1416 garrulitate“
809 1375 906 1413 cap.
945 1373 989 1400 1:
1023 1392 1031 1400 .
1068 1392 1076 1400 .
1111 1391 1119 1400 .
1155 1391 1164 1400 .
1197 1359 1322 1412 εἴπερ
1355 1358 1438 1400 οὖν
1461 1356 1708 1410 Εὐριπίδης
1727 1357 1880 1407 καλῶς

175 1442 270 1484 εἷπε
299 1439 419 1494 πρὸς
448 1439 530 1481 τὸν
560 1439 785 1481 ἀσύνετον
816 1436 1050 1490 ἀκροατήν
1079 1437 1168 1478 κτέ.

317 1549 605 1589 Iustissimum
637 1553 784 1587 autem
813 1551 1132 1598 argumentum,
1157 1547 1192 1585 si
1215 1546 1311 1597 quis
1334 1545 1616 1584 Plutarchum
1638 1544 1773 1583 fuisse
1796 1544 1880 1582 Eu-

175 1626 328 1679 ripidis
353 1626 624 1666 laudatorem
654 1624 887 1673 existimet,
916 1636 970 1663 ex
994 1623 1328 1676 „quaestionum
1354 1622 1676 1663 convivalium“
1694 1621 1804 1660 libro
1837 1630 1877 1670 7,

174 1709 343 1756 quaest.
377 1714 417 1753 7,
459 1716 556 1755 cap.
596 1714 611 1742 1
657 1708 862 1754 repetere
903 1715 1034 1754 posse
1067 1701 1264 1750 videtur3
1309 1701 1415 1740 dicit
1447 1701 1563 1740 enim
1595 1699 1875 1738 Plutarchus:

170 1777 251 1831 Ὡς
281 1779 337 1820 τά
366 1772 411 1832 γ’
439 1780 556 1820 ἄλλα
597 1778 729 1832 φίλος
761 1778 825 1819 ὢν
866 1776 1112 1830 Εὐριπίδης
1159 1775 1237 1831 ἐμὲ
1281 1778 1396 1830 γοῦν
1437 1777 1492 1818 οὐ
1538 1775 1729 1825 πέπεικε,
1776 1773 1879 1826 περὶ

180 1858 396 1913 μουσικῆς
435 1857 708 1911 νομοθετῶν,
757 1855 821 1906 ὡς
861 1855 929 1896 ἐπὶ
975 1855 1031 1896 τὰ
1076 1855 1217 1908 πένθη
1262 1854 1337 1896 καὶ
1383 1854 1465 1905 τὰς
1514 1851 1879 1911 βαρυφροσύνας

174 1933 525 1989 μετακομιστέας
555 1931 711 1985 οὔσης.
746 1934 805 1973 At
837 1934 931 1972 laus
964 1933 1064 1973 ilico
1098 1933 1365 1972 imminuitur
1397 1933 1564 1972 verbis:
1614 1931 1669 1972 οὐ
1700 1930 1879 1972 πέπεικε

174 2018 306 2064 atque
338 2012 509 2052 verbis:
574 2010 656 2060 ,,τά
692 2009 734 2063 γ’
767 2011 884 2051 ἄλλα
915 2009 1047 2063 φίλος
1079 2008 1170 2050 ὤν“
1204 2011 1311 2050 alias
1343 2010 1584 2050 sententias
1617 2016 1749 2061 atque
1788 2022 1877 2058 eas,

174 2102 282 2141 quas
329 2102 504 2141 semper
551 2089 792 2140 prudentes
843 2088 916 2127 ille
963 2088 1196 2140 significat,
1239 2088 1438 2140 intellegi
1480 2087 1597 2126 haud
1639 2086 1768 2126 facile
1811 2093 1878 2126 est

175 2165 487 2206 demonstrare.

317 2260 581 2300 Firmissimo
629 2273 735 2300 sane
781 2260 1031 2299 testimonio
1079 2261 1363 2299 Plutarchum
1409 2259 1599 2299 evitasse
1631 2260 1675 2298 in
1707 2258 1876 2310 Euripi-

176 2337 277 2377 dem
316 2337 469 2377 laudes
511 2339 733 2377 cumulare
780 2338 961 2389 eiusque
1006 2338 1313 2377 auctoritatem
1357 2330 1634 2390 magnopere
1676 2337 1876 2376 elevasse

177 2421 245 2455 est
275 2415 380 2454 mihi
412 2428 507 2467 cap.
542 2426 596 2468 29
630 2415 748 2455 vitae
781 2415 951 2469 Niciae,
997 2415 1039 2454 in
1085 2428 1170 2467 quo
1203 2415 1463 2455 Plutarchus
1495 2416 1606 2454 haec
1639 2414 1877 2453 memoriae

175 2491 388 2544 prodidit:
425 2487 575 2531 ’Ένιοι
605 2489 659 2532 δὲ
689 2490 765 2532 καὶ
797 2490 852 2532 δι’
885 2490 1133 2544 Εὐριπίδην
1155 2490 1411 2543 ἐσώθησαν.
1445 2491 1652 2532 Μάλιστα
1682 2490 1787 2543 γάρ,
1813 2489 1877 2540 ὡς

173 2566 308 2618 ἔοικε,
350 2568 439 2608 τῶν
479 2567 612 2619 ἐκτὸς
652 2566 876 2621 ίΕλλήνων
916 2567 1151 2620 ἐπόθησαν
1191 2569 1331 2609 αὐτοῦ
1372 2566 1451 2621 τὴν
1494 2569 1670 2622 μοῦσαν
1702 2567 1744 2608 οἱ
1774 2567 1877 2619 περὶ

175 2643 389 2686 Σικελίαν
435 2644 510 2685 καὶ
562 2645 698 2699 μικρὰ
751 2646 841 2686 τῶν
886 2645 1229 2700 ἀφικνουμένων
1275 2645 1493 2687 ἑκάστοτε
1539 2643 1756 2699 δείγματα
1801 2643 1876 2685 καὶ

171 2720 373 2776 γεύματα
411 2720 684 2775 κομιζόντων
723 2722 1087 2778 ἐκμανθάνοντες
1127 2723 1371 2776 ἀγαπητῶς
1408 2720 1705 2777 μετεδίδοσαν
1745 2719 1874 2774 ἀλλή-

175 2799 284 2849 λοις.
339 2797 456 2839 Τότε
477 2800 593 2851 γοῦν
625 2808 737 2853 φασι
767 2800 856 2840 τῶν
888 2799 1129 2840 σωθέντων
1161 2799 1320 2840 οἴκαδε
1351 2797 1549 2851 συχνοὺς
1579 2798 1878 2840 ἀσπάσασθαι

175 2873 255 2916 τὸν
283 2874 531 2928 Εὐριπίδην
555 2875 849 2930 φιλοφρόνως
868 2875 943 2917 καὶ
975 2875 1227 2929 διηγεῖσθαι
1257 2875 1365 2927 τοὺς
1397 2875 1488 2930 μέν,
1532 2875 1598 2916 ὅτι
1638 2874 1876 2917 δουλεύον-

175 2965 252 3003 τες
285 2951 543 3006 ἀφείθησαν
569 2951 890 3004 ἐκδιδάξαντες
915 2953 1007 2994 ὃσα
1038 2954 1128 2994 τῶν
1149 2952 1326 2994 ἐκείνου
1348 2953 1602 3007 ποιημάτων
1619 2952 1874 3007 ἐμέμνηντο,

177 3027 286 3080 τοὺς
316 3028 358 3070 δ’
391 3029 457 3071 ὅτι
488 3028 767 3085 πλανώμενοι
808 3030 917 3084 μετὰ
947 3028 1027 3082 τὴν
1059 3031 1200 3084 μάχην
1240 3031 1417 3085 τροφῆς
1447 3029 1522 3071 καὶ
1559 3029 1730 3081 ὕδατος
1762 3030 1876 3085 μετέ-
