2144 3354
581 0 954 30 &maerstem-we
1036 0 1050 6 f

885 199 1176 243 „15-

174 338 350 391 ἄτυφον
379 333 662 388 προκόπτειν.
726 335 826 386 Qua
866 332 1194 386 comparatione
1236 330 1498 371 Plutarchus
1536 335 1580 369 et
1611 329 1877 381 Sophoclem

174 415 304 455 laude
337 413 516 466 dignum
549 424 661 460 esse,
695 411 812 463 quod
845 410 1068 462 antiquam
1099 408 1373 461 tragoediam
1415 406 1540 458 quasi
1577 406 1878 446 emendaverit

175 498 307 544 atque
364 489 606 530 excoluerit
661 501 802 540 eaque
858 500 906 526 re
956 492 1001 526 et
1048 486 1272 536 Aeschylo
1330 484 1696 536 praestantiorem
1743 483 1878 522 fuisse

174 572 352 621 poetam
394 572 438 606 et
485 566 696 617 Aeschyli
742 564 982 617 tragoediis
1025 563 1110 602 tria
1154 562 1261 601 vitia
1307 561 1538 600 inhaerere
1585 561 1876 600 demonstrat:

173 645 334 684 fastum
356 643 576 691 orationis,
601 648 859 694 apparatum
882 641 1008 679 nimis
1033 639 1255 678 difficilem
1279 644 1323 677 et
1355 638 1651 686 artificiosum,
1676 636 1878 676 dictionis

175 723 357 761 formam
390 720 644 772 impolitam.

317 1221 494 1271 Iamque
540 1218 594 1257 ad
626 1216 843 1271 Aeschyli
875 1215 1125 1268 tragoedias
1157 1214 1455 1266 pervenimus,
1499 1214 1553 1254 de
1595 1228 1680 1266 quo
1715 1215 1881 1254 Plutar-

176 1299 284 1338 chus
315 1310 541 1349 perpauca
563 1300 889 1336 commemorat.
953 1293 1184 1332 Refutatur
1216 1292 1392 1343 quidem
1417 1292 1664 1343 Aeschylus
1697 1293 1741 1331 in
1772 1293 1882 1332 libro

176 1375 259 1424 „de
301 1374 478 1414 defectu
521 1373 824 1412 oraculorum“
868 1385 963 1422 cap.
1002 1379 1075 1419 15:
1112 1400 1120 1408 .
1156 1400 1164 1408 .
1199 1400 1207 1408 .
1239 1367 1314 1409 καὶ
1356 1366 1447 1408 οὔτ’
1491 1367 1720 1420 Αἰσχύλος
1761 1369 1882 1410 εἷπεν

175 1542 351 1568 versum
393 1528 654 1567 Plutarchus
696 1527 826 1566 etiam
869 1526 912 1564 in
953 1525 1064 1564 libro
1109 1524 1191 1573 „de
1235 1524 1390 1563 exilio“
1417 1524 1552 1563 refert
1596 1537 1690 1576 cap.
1732 1534 1778 1574 17
1814 1526 1881 1564 his

178 1606 346 1646 verbis:
381 1635 389 1644 .
425 1638 434 1647 .
468 1635 477 1644 .
509 1602 584 1644 καὶ
615 1601 718 1655 περὶ
748 1601 828 1657 μὲν
871 1600 934 1642 ὧν
976 1599 1206 1653 Αἰσχύλος
1245 1598 1426 1653 ᾐνίξατο
1469 1599 1544 1641 καὶ
1590 1599 1883 1653 ὑπεδήλωσεν

176 1681 337 1724 εἰπών·
372 1680 544 1734 ,,ἁγνόν
583 1680 617 1721 τ’
664 1678 872 1720 Ἀπόλλω
914 1676 1081 1732 φυγάδ’
1126 1677 1198 1718 ἀπ’
1243 1677 1448 1729 ούρανοῦ
1488 1676 1642 1728 θεόνιί,
1686 1677 1884 1734 εὔστομά

177 1773 249 1815 μοι
279 1758 462 1809 κείσθω,
495 1757 597 1799 καθ’
630 1753 902 1810 “Ηρόδοτον.

319 1850 483 1890 Contra
514 1849 711 1901 pluribus
743 1847 852 1886 locis
884 1851 1045 1898 poetae
1078 1845 1150 1884 ille
1182 1845 1358 1884 laudem
1389 1843 1552 1894 tribuit,
1575 1851 1622 1884 ut
1653 1846 1696 1885 in
1729 1846 1885 1886 disser-

178 1928 344 1967 tatione
377 1927 461 1976 „de
493 1926 637 1978 poetis
669 1924 925 1965 audiendis“
949 1936 1045 1975 cap.
1075 1934 1148 1961 11:
1185 1953 1193 1961 .
1229 1955 1239 1965 .
1274 1954 1281 1962 .
1315 1920 1391 1962 καὶ
1422 1920 1647 1975 Τιμόθεος
1669 1922 1886 1977 ὁρμηθεὶς

178 2005 234 2046 οὺ
264 2004 420 2054 κακῶς
451 2004 502 2044 ἐν
533 2005 628 2053 τοῖς
659 2001 868 2054 Πέρσαις
913 1998 1021 2050 τοὺς
1060 1992 1297 2051 “Ἐλληνας
1338 1999 1596 2051 παρεκάλει·
1660 1997 1888 2057 ,,Σε’βεσθ”

179 2081 293 2123 αἰδῶ
315 2080 545 2134 συνεργὸν
567 2081 740 2132 ἀρετᾶς
767 2077 1069 2131 δοριμάχού“..
1095 2077 1316 2129 Additque
1340 2078 1619 2121 Plutarchus:
1656 2077 1887 2130 Αἰσχύλος

181 2157 236 2200 δὲ
264 2158 340 2200 καὶ
371 2157 422 2200 τὸ
454 2157 572 2210 πρὸς
604 2156 747 2206 δόξαν
786 2154 902 2208 ἔχειν
944 2153 1149 2208 ἀτύφως,
1199 2156 1275 2194 καὶ
1315 2151 1372 2207 μὴ
1413 2152 1731 2212 διασοβεῖσθαι
1773 2154 1886 2210 μηδὲ

179 2235 445 2288 ἐπαίρεσθαι
475 2238 570 2286 τοῖς
600 2234 728 2287 παρὰ
759 2234 848 2274 τῶν
879 2233 1058 2273 πολλῶν
1089 2230 1289 2281 ἐπαίνοις
1321 2231 1372 2271 ἐν
1402 2232 1463 2286 τῷ
1496 2236 1685 2286 φρονεῖν
1707 2232 1884 2284 τίθεται,

178 2311 280 2366 περὶ
320 2314 401 2354 τοῦ
439 2309 732 2367 Ἀμφιαράου
778 2309 986 2364 γράφων·
1038 2308 1233 2363 [:versus
1280 2309 1582 2365 sequuntur:];
1624 2312 1886 2363 prudentem

178 2392 312 2444 igitur
358 2391 578 2430 hominem
628 2390 790 2429 decere
837 2389 959 2441 vulgi
1008 2387 1161 2426 favore
1208 2399 1294 2425 non
1342 2387 1488 2426 efferri
1532 2395 1685 2429 censet
1739 2395 1885 2441 poeta.

180 2470 433 2520 Rursusque
478 2468 681 2507 laudatur
730 2466 977 2517 Aeschylus
1025 2465 1069 2503 in
1115 2463 1445 2512 „consolatione
1489 2465 1544 2504 ad
1576 2466 1886 2518 Apollonium“

180 2559 275 2598 cap.
315 2556 387 2585 10:
419 2537 474 2586 tO
508 2538 549 2585 δ’
578 2542 810 2596 Αἰσχύλος
841 2542 995 2592 καλῶς
1027 2539 1177 2581 ἔοικεν
1209 2540 1480 2595 ἐπιπλήττειν
1520 2545 1615 2593 τοῖς
1656 2542 1888 2597 νομιζουσι

177 2620 258 2663 τὸν
287 2621 490 2663 θάνατον
521 2620 633 2662 εἶναι
675 2619 834 2670 κακόν,
878 2619 1026 2671 λέγων
1067 2616 1171 2658 ὧδε·
1236 2609 1343 2667 ,,Ὡς
1374 2615 1429 2655 οὐ
1468 2606 1654 2665 δικαίως
1683 2614 1889 2656 θάνατον

178 2698 391 2752 ἔχθουσιν
433 2697 617 2756 βροτοί“
658 2698 746 2740 κτὲ.
811 2697 1082 2748 Aeschylum
1125 2696 1180 2735 de
1229 2707 1376 2735 amore
1424 2706 1598 2746 quoque
1645 2693 1887 2732 rectissime

179 2778 398 2818 iudicasse
440 2777 631 2817 ostendit
672 2776 934 2816 Plutarchus
976 2775 1019 2813 in
1063 2773 1343 2822 ‚,Amatorio“
1391 2784 1488 2823 cap.
1523 2781 1598 2809 21:
1634 2803 1643 2813 .
1677 2801 1685 2810 .
1721 2801 1729 2810 .
1765 2801 1773 2810 .
1814 2769 1889 2810 καὶ

178 2854 271 2906 γὰρ
319 2852 550 2906 Αἰσχύλος
597 2853 755 2906 ὀρθῶς
786 2850 983 2903 ἐποίησε·
1035 2849 1188 2900 „Ni-{ag
1218 2847 1437 2902 γυναικὸς
1484 2846 1540 2887 οὔ
1582 2861 1635 2901 με
1675 2845 1730 2902 μὴ
1770 2847 1888 2903 λάθῃ

179 2930 360 2985 φλέγων
382 2929 633 2985 ὀφθαλμός,
658 2930 753 2983 ἥτις
774 2927 953 2980 ἀνδρὸς
971 2926 1002 2981 ,ᾗ
1023 2926 1315 2981 γεγευμένηίι.
1351 2927 1449 2966 Vim
1482 2939 1622 2978 aquae
1647 2926 1719 2965 vel
1742 2925 1889 2978 ignem

183 3010 507 3062 compescentis
538 3009 808 3061 Aeschylum
833 3012 1064 3059 expertum
1087 3018 1185 3045 esse
1209 3018 1263 3044 ex
1290 3004 1400 3043 libro
1434 3003 1516 3053 „de
1540 3003 1679 3056 primo
1703 3003 1889 3056 frigido“
