2144 3354
291 305 587 367 Ὀλυμπίασιν
618 310 920 366 ἱπποδρομίας
952 314 1017 364 εἰς
1049 313 1343 371 Ἀλκιβιάδην
1375 315 1609 370 ἐγκώμιον,
1644 311 1719 359 εἴτ’
1738 317 2003 374 Εὐριπίδης,4
2031 297 2134 373 {4221ss

292 388 356 439 ὡς
388 388 414 428 ὁ
460 387 602 439 πολὺς
648 392 806 440 κρατεῖ
837 389 991 442 λόγος,
1041 390 1122 431 εἴθ’
1168 390 1329 442 ἕτερός
1359 406 1425 443 τις
1457 392 1524 445 ἦν,
1564 394 1682 448 ’φησὶ
1731 397 1894 449 χρῆναι
1938 397 2000 452 τῷ
2036 380 2041 386 Γ
2072 372 2085 393 θ’
2107 372 2119 382 ,-

292 464 524 520 εὐδαίμονι
565 467 748 518 πρῶτον
788 466 984 519 ὑπάρξαι
1025 465 1105 519 τὴν
1148 468 1276 509 πόλιν
1317 468 1571 524 εὐδόκιμον·
1615 471 1706 524 ἐγὼ
1740 471 1794 513 δὲ
1823 474 1886 528 τῷ
1917 472 1999 528 μὲν

291 541 636 597 εὐδαιμονήσειν
685 543 886 598 μέλλοντι
932 542 1013 596 τὴν
1059 543 1276 598 ἀληθινὴν
1323 545 1614 601 εὐδαιμονίαν
1661 581 1669 589 .
1706 582 1713 590 .
1750 583 1757 590 .
1795 583 1802 592 .
1858 549 1998 593 οὐδὲν

291 619 527 674 διαφέρειν
557 621 752 676 ἡγοῦμαι
783 620 958 670 ἀδόξου
990 621 1065 662 καὶ
1097 624 1307 675 ταπεινῆς
1347 623 1568 676 πατρίδος
1600 625 1626 678 ἢ
1659 626 1829 680 μητρὸς
1860 627 1998 684 ἀμόρ-

290 712 381 752 φου
413 698 488 739 καὶ
520 700 684 753 μικρᾶς
713 699 940 751 γενέσθαι.

433 790 707 841 Aspernatur
754 795 900 829 autem
948 803 1127 841 prorsus
1170 791 1242 830 ille
1285 774 1540 843 Euripidem
1588 794 1651 845 (et
1698 795 1994 851 Sophoclem),

291 879 390 906 cum
439 867 748 906 adulescentes
797 874 985 917 moneat,
1025 874 1071 907 ut
1118 869 1172 907 ab
1221 873 1447 920 poetarum
1489 870 1606 910 vitiis
1649 879 1838 912 caveant
1880 887 1996 914 neve

289 958 515 983 sermones
548 951 728 993 astutos,
763 946 836 996 qui
869 946 1069 996 turpibus
1103 959 1154 985 ac
1188 947 1335 997 pravis
1368 947 1495 986 factis
1529 961 1553 986 a
1586 949 1724 999 poetis
1753 962 1996 990 accommo-

289 1022 379 1061 dati
428 1023 526 1071 sint,
577 1023 879 1074 comprobent,
929 1023 1006 1062 sed
1052 1029 1098 1062 ut
1131 1024 1284 1076 magis,
1320 1038 1449 1075 quam
1482 1025 1578 1076 ipsa
1610 1026 1834 1078 impudica
1865 1027 1996 1078 facta,

289 1100 510 1139 orationes
543 1101 791 1139 huiusmodi
826 1107 1086 1140 aversentur
1119 1101 1144 1153 [:
1179 1102 1260 1150 „de
1294 1102 1432 1153 potitis
1465 1103 1723 1142 audiendis“
1757 1117 1854 1156 cap.
1890 1106 1915 1144 8
1950 1105 1998 1158 :]:

293 1207 301 1215 .
336 1208 344 1216 .
381 1208 388 1216 .
424 1208 432 1216 .
468 1175 608 1231 μηδὲν
649 1176 733 1217 οὐν
773 1176 944 1218 τούτων
975 1176 1159 1233 κομψὸν
1189 1177 1398 1230 ἡγεῖσθαι
1429 1178 1504 1219 καὶ
1535 1181 1802 1232 πανοῦργον
1833 1180 1860 1221 ό
1887 1180 1999 1232 νέος
2126 1233 2131 1236 ⁴

288 1253 509 1302 ἐθιζέσθω
552 1253 664 1308 μηδὲ
705 1254 1037 1309 προσμειδιάτω
1079 1257 1177 1305 ταῖς
1218 1254 1446 1306 τοιαύταις
1492 1255 1837 1309 εὐρεσιλογίαις,
1880 1256 1998 1299 ἀλλὰ
2106 1235 2144 1303 Ξ

289 1330 600 1387 βδελυττέσθω
632 1331 741 1383 τοὺς
772 1332 943 1385 λόγους
975 1334 1146 1387 μᾶλλον
1163 1332 1190 1385 ἦ
1207 1333 1262 1373 τὰ
1293 1332 1412 1386 ἔργα
1432 1335 1512 1386 τῆς
1533 1333 1799 1386 ἀκολασίας.
1835 1335 1996 1375 Redar-

287 1410 436 1462 guitur
469 1412 600 1450 etiarn
633 1412 853 1451 sententia
876 1412 1098 1463 Euripidis
1122 1412 1165 1450 in
1187 1412 1336 1451 libello
1369 1412 1454 1461 „de
1487 1413 1714 1452 adulatore
1748 1418 1792 1452 et
1825 1413 1997 1453 amico“

287 1501 384 1540 cap.
421 1490 499 1528 28:
536 1520 544 1528 .
580 1523 589 1531 .
625 1520 634 1528 .
678 1489 734 1529 οὐ
775 1487 930 1541 χεῖρόν
971 1489 1065 1529 ἐστι
1104 1487 1207 1540 περὶ
1250 1487 1422 1529 τούτων
1453 1487 1648 1530 διελθεῖν
1677 1488 1753 1531 καὶ
1785 1471 1996 1542 ἀποκρίνζ

287 1565 428 1606 ασθαι
473 1566 534 1620 τῷ
580 1565 799 1619 Εὐριπίδῃ
831 1566 1008 1619 λέγοντι
1043 1565 1197 1616 ·,,ὅταν
1229 1559 1271 1606 δ>
1302 1566 1328 1605 ὁ
1363 1565 1536 1620 δαίμων
1568 1565 1619 1607 εὖ
1667 1565 1793 1622 διδῷ,
1841 1566 1881 1608 τί
1927 1565 1996 1608 δεῖ

287 1643 480 1698 φίλων;“
530 1644 596 1684 ὅτι
636 1642 705 1685 δεῖ
746 1644 936 1698 μάλιστα
976 1632 1415 1698 παρρησιαζομένων
1456 1645 1545 1684 τῶν
1578 1643 1720 1698 φίλων
1749 1646 1845 1695 τοῖς
1875 1645 1995 1686 εὐτυ·
2030 1635 2034 1638 ”
2104 1639 2106 1642 ’

287 1723 418 1774 χοῦσι
447 1721 523 1764 καὶ
554 1721 605 1763 τὸ
638 1723 758 1775 ἄγαν
789 1721 1011 1776 ὑφιέντων
1042 1723 1123 1762 τοῦ
1156 1720 1463 1776 φρονήματος.

431 1815 589 1866 Neque
630 1814 770 1853 solum
812 1813 1151 1865 vituperantem,
1198 1812 1277 1852 sed
1319 1813 1450 1852 etiam
1484 1812 1764 1852 cavillantem
1798 1812 1996 1853 audimus

287 1893 571 1933 Plutarchum
603 1892 646 1931 in
687 1892 836 1931 libello
878 1892 962 1940 „de
996 1892 1236 1930 amicorum
1268 1890 1574 1930 multitudine“
1609 1903 1706 1943 cap.
1741 1891 1790 1930 6:
1823 1890 1879 1931 οὗ
1902 1889 1996 1943 γὰρ

286 1968 506 2023 Εὐριπίδῃ
537 1956 745 2011 πειστέον
776 1968 965 2021 λέγοντι·
1001 1966 1115 2021 ,,χρὴ
1147 1968 1240 2020 γὰρ
1274 1967 1458 2025 μετρίαν
1483 1969 1548 2019 εἰς
1570 1967 1796 2021 ἀλλήλους
1817 1966 1996 2022 φιλίαν(ι

286 2047 375 2089 κτὲ.
408 2047 618 2099 καθάπερ
662 2045 785 2088 πόδα
823 2045 942 2097 νεὼς
983 2044 1205 2087 ἐνδιδόντι
1246 2045 1320 2087 καὶ
1361 2046 1643 2099 προσάγοντι
1682 2048 1780 2097 ταῖς
1823 2044 1997 2098 χρείαις

286 2124 367 2178 τὴν
399 2124 560 2179 φιλίαν.
592 2117 738 2166 Ἀλλὰ
758 2125 893 2165 τοῦτο
919 2122 1011 2179 μὲν,
1036 2123 1071 2164 ὦ
1088 2122 1320 2177 Εὐριπίδη,
1346 2124 1606 2178 μεταθῶμεν
1638 2122 1706 2165 ἐπὶ
1721 2123 1805 2175 τὰς
1823 2122 1996 2176 ἔχθρας

286 2203 362 2245 καὶ
392 2202 648 2258 κελεύωμεν
681 2201 866 2257 μετρίας
882 2203 1105 2244 ποιεῖσθαι
1137 2202 1220 2253 τὰς
1238 2201 1472 2256 διαφορὰς
1501 2200 1577 2243 καὶ
1609 2199 1665 2256 μὴ
1696 2200 1816 2254 πρὸς
1846 2202 1996 2254 ἄκρον

288 2281 454 2337 μυελὸν
485 2283 566 2334 τῆς
601 2282 750 2336 ψυχῆς
785 2315 792 2322 .
829 2314 836 2321 .
874 2314 881 2321 .
919 2283 1173 2333 Rursusque
1221 2281 1454 2334 corrigitur
1499 2283 1630 2333 poe'ta
1675 2280 1719 2320 in
1750 2281 1874 2330 libro,
1921 2259 1996 2334 qui

287 2361 539 2400 inscribitur
579 2360 850 2410 „consolatio
898 2360 954 2399 ad
1000 2360 1310 2411 Apollonium“
1358 2372 1455 2411 cap.
1500 2360 1577 2398 28:
1632 2357 1996 2412 ἐπιλελησμένοις

287 2438 371 2480 οὐν
412 2437 624 2492 ἐοίκαμεν
665 2437 731 2478 ὅτι
773 2437 828 2478 οὐ
872 2436 1024 2492 μόνον,
1069 2436 1133 2488 ὥς
1173 2446 1310 2491 φησιν
1340 2435 1600 2489 Εὐριπίδης,
1648 2436 1731 2489 „roc
1761 2434 1995 2492 χρήματαέ*
2079 2490 2085 2499 1
2122 2491 2127 2496 Α

287 2517 373 2558 οὐκ
405 2515 526 2567 „iota
556 2516 791 2569 κέκτηνται
834 2514 1032 2572 βροτοίιί,
1075 2508 1173 2556 ἀλλ’
1202 2516 1357 2566 ἁπλῶς
1388 2515 1477 2555 τῶν
1509 2513 1810 2566 ἀνθρωπίνων
1841 2513 1992 2566 οὐδέν,
2051 2539 2054 2542 ·
2100 2543 2144 2562 ,

286 2609 431 2648 neque
465 2596 606 2634 minus
639 2601 910 2647 repugnatur
942 2595 1141 2646 Euripidi
1172 2595 1216 2633 in
1249 2594 1557 2633 dissertatione
1589 2594 1674 2643 „de
1697 2594 1882 2645 Pythiae
1900 2595 1994 2634 ora·
2037 2594 2043 2598 ⁴
2109 2579 2111 2582 Α
2142 2589 2144 2594 ’

288 2674 426 2713 culis“
460 2684 556 2725 cap.
593 2672 668 2715 26:
702 2672 757 2712 οὐ
788 2670 979 2713 πείθετει
1011 2671 1037 2712 ὁ
1069 2670 1181 2723 θεὸς
1208 2672 1269 2726 τῷ
1286 2670 1505 2724 Εὐριπίδῃ
1525 2670 1682 2723 ὥσπερ
1699 2671 1993 2726 νομοθετοῦν-

286 2764 324 2791 τι
383 2750 459 2792 καὶ
501 2750 677 2803 λέγοντι
742 2750 963 2806 ·,,Φοῖβον
1024 2748 1287 2802 ἀνθρώποις
1344 2748 1485 2803 μόνον
1546 2747 1632 2801 χρὴ
1679 2746 1992 2803 θεσπιῳδεῖν.“

286 2830 510 2881 Additque
544 2829 825 2871 Plutarchus:
866 2826 1120 2882 Χρώμενος
1162 2825 1216 2868 δὲ
1255 2828 1437 2879 θνητοῖς
1477 2826 1721 2879 ὑπηρέταις
1765 2824 1842 2867 καὶ
1886 2838 1993 2878 προ·

287 2905 448 2960 φήταις
494 2906 583 2947 κτὲ.
649 2909 804 2946 Denuo
853 2907 1133 2959 redarguitur
1165 2906 1398 2957 Euripides
1439 2906 1482 2944 in
1515 2905 1834 2954 dissertatione,
1880 2917 1994 2956 quae

286 2985 483 3038 sequitur
531 2990 575 3025 et
621 2984 872 3025 inscribitur
919 2984 1003 3035 „de
1052 2984 1230 3025 defectu
1283 2984 1587 3025 oraculorum“
1635 2995 1730 3036 cap.
1778 2992 1858 3034 40:
1893 3012 1903 3023 .
1938 3011 1948 3024 .
