2144 3354
335 558 589 615 Euripides
621 558 797 611 quidem
816 557 1029 598 refellitur
1052 557 1095 596 in
1114 556 1204 596 vita
1222 555 1384 595 Thesei
1402 567 1497 606 cap.
1519 565 1595 607 29:
1628 552 1902 605 Συνέπραξε

179 635 251 678 ’δὲ
283 651 344 677 se.
379 634 565 689 Θησεὺς
595 634 671 676 καὶ
701 627 949 688 Ἀδράστῳ
991 631 1071 685 τὴν
1102 630 1340 684 ἀναίρεσιν
1370 631 1459 672 τῶν
1489 629 1577 671 ὑπὸ
1609 631 1660 684 τῇ
1692 628 1902 685 Καδμείᾳ

194 713 440 764 πεσόντων,
475 714 557 766 οὐχ
589 712 654 764 ὡς
683 710 931 764 Εὐριπίδης
963 709 1176 762 ἐποίησεν
1207 709 1258 751 ἐν
1287 707 1534 763 τραγῳδίᾳ,
1560 708 1674 762 μάχῃ
1703 708 1792 748 τῶν
1815 705 1902 760 Θη-

198 791 340 850 βαίων
374 789 624 844 κρατήσας,
674 789 791 831 ἀλλὰ
831 787 994 838 πείσας
1036 786 1111 828 καὶ
1156 786 1470 841 σπεισάμενος.
1535 786 1703 826 Eodem
1752 785 1899 838 capite

197 872 252 910 ab
284 870 508 921 Aeschylo
540 868 796 920 Euripidem
839 867 981 906 refelli
1014 866 1355 909 demonstratur:
1398 863 1816 917 Καταμαρτυροῦσι
1848 859 1901 902 δὲ

195 948 285 988 τῶν
314 944 562 999 Εὐριπίδου
591 941 812 985 Ἱκετιδῶν
844 943 887 983 οἱ
909 940 1140 994 Αἰσχύλου
1169 939 1435 982 Ἐλευσίνιοι
1461 975 1469 983 .
1503 974 1511 980 .
1548 974 1555 980 .
1592 973 1599 980 .
1636 942 1700 980 Ex
1734 940 1903 992 Euripi-

197 1026 263 1065 dis
296 1025 563 1065 amatoribus
610 1036 658 1062 se
705 1023 848 1074 ipsum
897 1021 1090 1060 eximere
1138 1020 1422 1059 Plutarchum
1469 1019 1536 1057 his
1584 1018 1733 1058 verbis
1772 1018 1903 1069 plane

196 1109 382 1156 apparet
430 1102 571 1155 [:vita
606 1100 797 1152 Lycurgi
842 1112 938 1150 cap.
983 1097 1116 1150 31:]:
1163 1127 1172 1137 .
1206 1127 1215 1136 .
1251 1127 1259 1136 .
1296 1127 1304 1137 .
1353 1094 1471 1137 ὥστε
1516 1093 1784 1149 ἀπολόγημα
1829 1092 1904 1134 καὶ

198 1178 444 1235 μαρτύριον
478 1177 594 1232 μέγα
625 1175 738 1218 εἷναι
768 1177 864 1226 τοῖς
895 1174 1105 1228 ἀγαπῶσι
1144 1172 1225 1214 τὸν
1255 1171 1504 1226 Εὑριπιδην
1519 1171 1571 1212 τὸ
1596 1170 1716 1226 μόνῳ
1746 1180 1904 1225 συμπε-

197 1259 295 1298 σεῖν
325 1256 448 1310 αὐτῷ
474 1254 563 1296 κτὲ.
599 1255 745 1306 Atque
764 1254 868 1306 quin
902 1253 1063 1292 acerba
1095 1252 1170 1291 illa
1203 1251 1470 1304 vituperatio
1503 1254 1730 1302 poetarum
1764 1247 1907 1304 [zvita

199 1334 383 1375 Periclis
432 1347 527 1385 cap.
577 1332 708 1385 39:]:
744 1363 751 1371 .
788 1363 795 1371 .
833 1363 840 1371 .
890 1330 972 1382 οὐχ
1020 1328 1176 1381 ὥσπερ
1218 1327 1260 1368 οἱ
1300 1326 1475 1382 ποιηταὶ
1518 1325 1907 1378 συνταράττοντες

197 1411 316 1467 ἡμᾶς
347 1408 683 1465 ἀμαθεστάταις
719 1406 879 1458 δόξαις
911 1405 1172 1447 ἁλίσκονται
1203 1408 1298 1457 τοῖς
1312 1404 1463 1448 αὑτῶν
1478 1402 1703 1459 ποιήμασι,
1727 1402 1807 1444 τὸν
1824 1401 1905 1458 μὲν

198 1487 350 1538 τόπον,
383 1488 434 1528 ὲν
466 1485 501 1541 ᾧ
532 1484 642 1536 τοὺς
674 1483 814 1536 θεοὺς
844 1486 1070 1525 κατοικεῖν
1095 1483 1321 1536 λέγουσιν,
1350 1480 1560 1537 ἀσφαλὲς
1577 1480 1687 1533 ἕδος
1704 1480 1779 1522 καὶ
1797 1480 1907 1521 ἀσά-

198 1567 360 1607 λευτον
405 1564 655 1614 καλοῦντες
689 1593 872 1604 .....
936 1559 1106 1612 αὐτοὺς
1152 1559 1206 1601 δὲ
1251 1558 1360 1612 τοὺς
1406 1558 1547 1611 θεοὺς
1595 1559 1799 1612 ταραχῆς
1829 1557 1906 1600 καὶ

200 1641 472 1697 δυσμενείας
502 1639 578 1682 καὶ
610 1640 757 1693 ὀργῆς
788 1640 939 1680 ἄλλων
961 1652 1009 1680 τε
1041 1636 1235 1693 μεστοὺς
1265 1638 1425 1679 παθῶν
1455 1635 1814 1691 ἀποφαίνοντες.
1851 1668 1860 1676 .
1897 1669 1905 1677 .

201 1721 333 1761 etiam
365 1720 420 1760 ad
452 1719 680 1759 scaenicos
713 1723 880 1770 poetaS‚
913 1730 996 1756 nec
1029 1730 1115 1756 non
1148 1716 1202 1756 ad
1236 1715 1490 1769 Euripidem
1523 1715 1756 1767 pertineat,
1790 1714 1908 1754 haud

201 1799 332 1838 facile
366 1804 433 1838 est
464 1796 844 1857 addubitandum3

343 1894 439 1933 Nec
471 1892 638 1941 mirum,
666 1892 702 1930 si
725 1891 985 1930 Plutarchus
1019 1889 1343 1929 adhaerescens
1377 1889 1513 1929 cultui
1545 1888 1909 1940 venerationique

201 1971 382 2011 deorum
414 1970 696 2010 infestissime
729 1974 860 2020 atque
893 1967 1151 2020 gravissime
1197 1980 1274 2007 eos
1306 1972 1462 2020 poetas
1495 1967 1712 2019 obiurgat.
1775 1965 1910 2018 Atqui

202 2048 435 2101 Euripides
467 2047 664 2100 inprimis
697 2047 876 2087 deorum
911 2052 1076 2085 metum
1099 2046 1447 2098 religionemque
1471 2045 1692 2097 antiquam
1722 2044 1910 2084 maxime

203 2126 414 2166 diminuit.
477 2126 631 2177 Itaque
665 2125 822 2164 multas
855 2124 1096 2163 sententias
1130 2123 1350 2176 Euripidis
1384 2122 1729 2164 contemnendas
1762 2127 1836 2162 aut
1867 2122 1910 2161 in

204 2204 360 2244 melius
391 2203 655 2243 reficiendas
687 2216 785 2242 esse
819 2202 1102 2242 Plutarchum
1135 2201 1361 2241 censuisse
1394 2201 1525 2242 facile
1557 2200 1766 2252 sequitur.

346 2300 395 2339 In
441 2298 683 2339 Alcibiadis
736 2297 913 2350 quidem
966 2297 1058 2336 vita
1106 2309 1202 2348 cap.
1256 2307 1271 2336 1
1325 2296 1560 2348 Euripides
1611 2295 1909 2348 redarguitur:

252 2410 260 2418 .
297 2376 380 2418 .οὐ
397 2376 503 2429 γὰρ,
535 2375 599 2426 ὡς
629 2373 877 2427 Εὐριπίδης
911 2372 1053 2426 ἔλεγε,
1087 2373 1267 2414 πάντων
1297 2373 1387 2414 τῶν
1417 2373 1571 2414 καλῶν
1600 2371 1675 2414 καὶ
1707 2371 1759 2414 τὸ
1791 2371 1911 2427 μετό-

204 2467 363 2507 πωρον
392 2452 537 2495 καλόν
567 2453 699 2494 ἐστιν.
753 2453 837 2492 Vel
869 2453 913 2492 in
945 2453 1077 2492 rebus
1109 2452 1336 2492 vilioribus
1360 2452 1620 2491 Plutarchus
1653 2464 1739 2491 non
1771 2451 1913 2503 potuit

206 2546 293 2572 non
340 2532 543 2572 refellere
590 2531 857 2583 Euripidem,
906 2536 954 2569 ut
1000 2530 1044 2569 in
1091 2529 1182 2569 vita
1223 2529 1379 2569 Niciae
1428 2541 1526 2581 cap.
1578 2539 1640 2579 17.
1704 2529 1912 2568 Exercitu

207 2610 544 2650 Atheniensium
601 2609 718 2648 bello
767 2607 1145 2660 Peloponnesiaco
1193 2606 1236 2646 in
1284 2606 1434 2646 Sicilia
1486 2606 1632 2646 deleto
1680 2606 1913 2658 Euripides

206 2689 292 2728 hoc
324 2687 498 2739 scripsit
539 2686 835 2738 epitaphium:
869 2682 1107 2726 Οἵδε-30.
1141 2682 1183 2723 οἱ
1216 2682 1454 2735 Ἀθηναῖοι
1486 2708 1541 2712 -
1586 2681 1914 2735 Συρακοσίους

207 2764 326 2806 ὀκτὼ
354 2763 485 2814 νίκας
510 2763 783 2816 ἐκράτησαν,
811 2757 1036 2814 ”Ανδρες,
1057 2755 1120 2801 ὅτ’
1135 2759 1192 2812 ἦν
1207 2760 1263 2800 τὰ
1284 2760 1407 2801 θεῶν
1430 2760 1480 2808 ἐξ
1499 2759 1604 2801 ἴσου
1619 2760 1910 2814 ἀμφοτέροις.

208 2843 432 2896 Additque
480 2842 761 2881 Plutarchus:
810 2840 895 2880 οὐκ
941 2837 1059 2880 ὀκτὼ
1107 2836 1160 2879 δὲ
1189 2836 1331 2888 νίκας,
1365 2837 1483 2878 ἀλλὰ
1518 2836 1730 2888 πλείονας
1761 2839 1820 2879 ἄν
1849 2851 1914 2888 τις

208 2919 338 2972 εὕροι
368 2917 726 2972 Συρακουσίους
747 2916 1067 2971 νενικημένους
1090 2915 1159 2956 ὑπ’
1183 2915 1345 2956 αὐτῶν.
1380 2915 1551 2955 Deinde
1570 2916 1612 2954 in
1639 2916 1729 2956 vita
1757 2917 1915 2955 Demo-

210 2998 375 3038 sthenis
408 3010 503 3050 cap.
543 3009 559 3037 1
589 2997 674 3037 alia
705 2996 911 3036 refutatio
944 3001 1032 3037 est:
1061 2989 1116 3039 ‘O
1141 2991 1220 3048 μὲν
1250 2992 1442 3048 γράψας
1473 2992 1525 3034 τὸ
1548 2992 1616 3034 ἐπὶ
1637 2993 1688 3046 τῇ
1720 2992 1819 3047 νίκῃ
1836 2994 1915 3047 τῆς
