2144 3354
0 1100 6 1107 ι
0 1034 6 1042 -,
0 996 7 1017 ψ
0 883 15 984 —e-.7-r·
0 826 3 832 “
0 803 10 814 ο

21 929 31 951 -Ι

1266 18 1271 23 ,
1291 0 1550 18 ‘'yfrffiwvw-‹g-m-re
1566 0 1581 10 .·
1600 3 1602 5 >
1627 0 1635 9 «-
1671 0 1676 4 ·
1690 3 1696 7 -
1758 3 1761 6 -

895 195 1188 238 ..21-

193 326 396 384 φλυαρία
424 315 690 381 ναυτιώδης.
725 329 996 369 Postremam
1027 340 1185 368 vocem
1217 326 1328 367 adeo
1360 325 1535 367 foedam
1567 331 1612 366 et
1643 324 1896 366 indecoram

195 408 479 448 Plutarchum
523 407 692 446 misisse
734 407 805 446 vix
853 405 1065 453 credibile
1112 411 1191 447 est.
1255 405 1372 456 Quin
1415 404 1547 444 etiam
1588 403 1895 456 Aristophanis

195 485 329 525 dictio
375 484 668 536 improbatur:
730 482 820 524 Καὶ
850 481 1080 532 τοσαύτας
1111 480 1343 535 διαφορὰς
1373 479 1546 532 ἔχουσα
1585 482 1659 520 καὶ
1691 479 1895 534 ἀνομοιό-

193 573 330 614 τητας
358 560 388 613 ἡ
417 560 537 610 λέξις
568 559 680 601 οὐδὲ
710 559 762 601 τὸ
792 560 967 612 πρέπον
997 558 1164 611 ἑκάστῃ
1195 557 1271 599 καὶ
1291 558 1460 598 οἰκεῖον
1481 555 1762 598 ἀποδίδωσιν
1797 588 1806 597 .
1841 591 1851 600 .
1886 590 1894 598 .

194 638 292 680 ἀλλ’
323 636 479 689 ὥσπερ
511 636 601 678 ἀπὸ
632 635 806 689 κλήρου
838 636 1048 691 ἀπονέμει
1078 638 1173 686 τοῖς
1203 633 1468 687 προσώποις
1497 634 1553 675 τὰ
1583 633 1898 687 προστυχόντα

194 715 290 756 τῶν
315 714 552 769 ὀνομάτων
599 714 791 756 καὶ-οὑκ
822 716 880 755 ἂν
921 713 1168 766 διαγνοίης,
1203 713 1291 754 εἴτε
1320 713 1421 764 υἱός
1452 714 1585 762 ἐστιν,
1619 711 1707 753 εἴτε
1736 710 1896 764 πατήρ,

194 791 270 834 εἴτ’
302 791 538 844 ἄγροικος,
572 791 660 833 εἴτε
690 791 821 842 θεός,
865 791 952 833 εἴτε
990 793 1153 844 γραῦς,
1197 791 1284 833 εἴτε
1323 791 1451 844 ἥρως
1491 791 1517 831 ὁ
1558 789 1894 845 διαλεγόμενος.

194 871 286 911 Nos
319 875 466 909 autem
498 870 680 923 singulis
711 871 910 922 personis
939 870 1279 921 Aristophanem
1311 871 1427 909 bono
1460 869 1641 909 consilio
1673 882 1898 908 sermones

195 947 421 987 scurrilem
467 947 508 986 in
557 947 732 986 modum
789 953 1018 999 corruptos
1065 948 1299 999 adaptasse
1348 952 1620 998 compertum
1667 947 1895 988 habemus.

195 1024 344 1064 Veluti
386 1030 503 1064 sorte
548 1030 695 1063 autem
738 1024 938 1076 personis
983 1025 1200 1063 vocabula
1245 1024 1496 1063 attribuisse
1541 1029 1719 1075 poetam
1755 1037 1896 1072 nemo,

196 1101 270 1153 qui
312 1101 627 1152 aliquantulum
659 1101 963 1153 Aristophanis
1004 1102 1249 1141 fabularum
1290 1101 1492 1153 perlegit,
1535 1100 1683 1139 dicere
1725 1100 1896 1140 audeat.

195 1179 359 1218 Verum
405 1178 688 1217 Plutarchum
734 1191 870 1230 opera
916 1183 1076 1231 poetae
1124 1193 1210 1218 non
1258 1178 1398 1217 minus
1447 1178 1703 1229 percepisse
1768 1191 1898 1229 quam

196 1256 378 1296 aliorum
419 1257 687 1309 tragicorum
730 1262 774 1295 et
816 1257 1082 1295 comicorum
1115 1269 1168 1295 ex
1202 1268 1254 1294 eo
1289 1260 1486 1306 apparet,
1534 1255 1651 1306 quod
1682 1255 1898 1294 nonnullis

195 1333 304 1373 locis
335 1333 454 1373 dicta
485 1334 579 1372 eius
612 1333 836 1385 aptissime
869 1333 1078 1382 adhibuit,
1101 1333 1172 1372 vel
1194 1331 1454 1372 testimoniis
1486 1331 1568 1370 illis
1600 1345 1715 1380 usus,
1742 1333 1813 1371 vel
1847 1345 1899 1373 ea

196 1410 461 1462 improbans,

339 1506 474 1545 Porro
516 1505 725 1558 legimus:
788 1504 1128 1558 Ἀριστοφάνης
1166 1503 1245 1559 μὲν
1292 1504 1375 1546 οὖν
1422 1504 1527 1546 οὔτε
1571 1507 1666 1555 τοῖς
1711 1505 1896 1554 πολλοῖς

197 1580 410 1634 ἀρεστός,
444 1579 549 1622 οὔτε
579 1584 674 1632 τοῖς
705 1581 944 1636 φρονίμοις
975 1582 1179 1633 ἀνεκτός.
1243 1584 1386 1634 Quam
1418 1585 1682 1624 sententiam
1714 1584 1768 1622 ab
1801 1583 1896 1622 illa:

202 1658 306 1709 ,,καὶ
352 1659 445 1712 γὰρ
495 1659 521 1700 ὁ
569 1658 648 1714 μὲν
679 1659 953 1710 ἀπαίδευτος
999 1659 1074 1701 καὶ
1118 1659 1308 1713 ἰδιώτης,
1343 1659 1413 1711 οἷς
1463 1660 1595 1713 λέγει,
1642 1658 1898 1701 ἁλίσκεταιίι

163 1781 171 1783 ,
203 1738 455 1790 discrepare
490 1744 673 1781 constat.
737 1739 890 1778 Altera
931 1739 1227 1789 discrepantia
1268 1740 1379 1778 haec
1413 1744 1499 1778 est:
1558 1737 1710 1792 ἀμέλει
1740 1736 1815 1778 καὶ
1845 1736 1901 1777 τὰ

179 1810 469 1869 ’μεμιμημένα
499 1814 618 1867 πρὸς
649 1814 700 1856 τὸ
732 1818 886 1868 χεῖρον
918 1814 1155 1870 μεμίμηται.
1221 1818 1377 1856 Nonne
1410 1817 1515 1856 illud
1550 1822 1769 1869 repugnat
1801 1829 1900 1855 curn

199 1893 419 1932 sententia
474 1893 624 1945 inepte
681 1895 872 1946 prolata:
946 1892 1129 1944 ,,ὥσπερ
1184 1892 1273 1933 ἀπὸ
1328 1892 1502 1945 κλήρου
1549 1893 1761 1947 ἀπονέμει
1806 1895 1901 1943 τοῖς

197 1967 460 2021 προσώποις
490 1969 546 2010 τὰ
576 1969 891 2022 προστυχόντα
921 1971 1011 2010 τῶν
1041 1969 1331 2024 ὀνομάτωνίίὲ
1365 1973 1470 2022 Jure
1503 1972 1635 2024 igitur
1667 1984 1746 2023 pro
1778 1976 1900 2010 certo

197 2047 362 2087 habere
394 2048 520 2087 nobis
550 2048 655 2087 licet
690 2048 804 2087 illius
838 2049 1188 2100 comparationis,
1222 2062 1334 2100 quae
1366 2049 1553 2100 plurima
1594 2049 1725 2087 stulta
1768 2053 1899 2099 atque

197 2123 311 2164 inter
353 2137 401 2164 se
445 2126 737 2177 repugnantia
780 2126 988 2174 continet,
1035 2126 1317 2165 Plutarchum
1358 2139 1444 2165 non
1486 2126 1620 2165 fuisse
1662 2131 1899 2174 auctorem,

198 2206 274 2240 aut
306 2206 427 2240 certe
460 2214 572 2251 eum,
607 2203 679 2254 qui
712 2203 825 2242 hanc
859 2203 1231 2255 comparationem
1250 2203 1519 2255 epitomavit,
1553 2203 1626 2241 illa
1658 2202 1776 2242 dicta
1805 2203 1900 2241 Plu-

198 2278 351 2317 tarcho
397 2279 696 2330 supposuisse,
737 2281 977 2319 sententias
1025 2280 1118 2320 eius
1165 2281 1206 2319 in
1252 2280 1517 2319 deteriorem
1557 2285 1729 2331 partem
1770 2279 1901 2318 inter·

198 2359 430 2406 pretatum.

341 2449 488 2501 Atque
529 2451 750 2503 antiquam
792 2452 1063 2491 comoediam
1102 2454 1236 2491 multo
1269 2452 1518 2491 inferiorem
1552 2465 1648 2490 esse
1681 2465 1798 2490 nova
1830 2465 1900 2491 co-

200 2525 372 2565 moedia
405 2527 686 2567 Plutarchum
719 2530 943 2568 censuisse
977 2542 1031 2568 ex
1064 2531 1243 2581 Quaest.
1278 2530 1416 2571 Conv.
1448 2530 1559 2568 libro
1593 2539 1632 2578 7,
1667 2535 1833 2580 quaest.
1859 2531 1898 2577 8,

200 2615 298 2654 cap.
332 2613 356 2651 3
390 2603 506 2643 haud
538 2604 714 2644 difficile
748 2607 957 2658 cognosci
988 2613 1147 2659 potest,
1193 2607 1236 2645 in
1269 2620 1355 2658 quo
1401 2612 1442 2646 et
1485 2606 1568 2645 alia
1610 2612 1654 2644 et
1697 2607 1809 2645 haec
1840 2606 1901 2644 in-

200 2679 457 2719 veniuntur:
519 2679 625 2721 Τῶν
666 2680 721 2722 δὲ’
758 2681 1006 2737 κωμῳδιῶν
1047 2684 1073 2735 ἡ
1114 2682 1192 2737 μὲν
1224 2681 1393 2734 ἀρχαία
1425 2681 1500 2722 διὰ
1530 2680 1609 2733 τὴν
1641 2680 1901 2736 ἀνωμαλίαν

199 2756 494 2811 ἀνάρμοστος
513 2757 774 2810 ἀνθρώποις
795 2758 1018 2800 πίνουσιν·
1052 2759 1079 2812 ἥ
1101 2773 1149 2801 τε
1164 2760 1256 2812 γὰρ
1281 2759 1331 2799 έν
1352 2761 1450 2810 ταῖς
1470 2758 1737 2813 λεγομέναις
1759 2771 1901 2811 παρα-

202 2832 390 2889 βάσεσιν
406 2834 555 2874 αὒτῶν
571 2833 748 2888 σπουδὴ
770 2835 846 2876 καὶ
866 2835 1100 2888 παρρησία
1120 2836 1220 2878 λίαν
1242 2835 1446 2888 ἄκρατός
1463 2837 1557 2876 ἐστι
1572 2835 1647 2876 καὶ
1665 2835 1900 2886 σύντονος·

199 2909 227 2962 ἥ
248 2923 297 2951 τε
326 2909 445 2962 πρὸς
466 2910 522 2951 τὰ
543 2910 788 2966 σκώμματα
809 2912 883 2953 καὶ
908 2912 1189 2970 βωμολοχίας
1211 2913 1430 2965 εὐχέρεια,
1455 2912 1617 2963 δεινῶς
1637 2912 1900 2964 κατάκορος

199 2985 274 3028 καὶ
305 2987 648 3043 ἀναπεπταμένη
679 2988 752 3030 καὶ
785 2989 990 3044 γέμουσα
1024 2990 1233 3044 ῥημάτων
1273 2989 1490 3044 ἀκόσμων
1526 2989 1600 3031 καὶ
1631 2989 1902 3032 ἀκολάστων
